3140 5014
747 345 793 418 ta

200 536 298 606 iusto
325 529 471 628 saepius
506 531 689 625 perversis
718 527 905 598 editorum
933 529 1143 627 mangoniis
1168 530 1347 603 incrusta-

201 665 291 725 tum
313 667 528 750 coarguunt.
562 653 673 721 Iuvat
693 673 813 722 unum
841 671 879 719 et
905 649 1063 719 alterum
1091 654 1281 744 specimen
1307 656 1345 724 in

201 776 372 847 medium
396 773 648 870 protulisses
1339 850 1342 856 Δ

300 913 416 1009 Spart.
452 901 563 981 H'adr.
600 916 657 981 211.
691 911 795 978 Unde
829 924 933 978 extat
960 911 1073 979 etiam
1101 911 1196 980 illud
1216 933 1350 982 'severe
1377 929 1389 958 t

204 1037 369 1128 quidem,
397 1035 459 1103 sed
481 1055 604 1125 prope
632 1032 799 1100 ioculare
833 1031 1034 1100 deservis.
1061 1033 1269 1102 Fatendum
1297 1057 1350 1102 sa-

204 1181 253 1226 ne
288 1139 522 1248 Spartianum
556 1155 600 1222 ab
638 1153 741 1222 omni
775 1152 1031 1221 concinnitatis
1070 1167 1134 1221 aut
1172 1154 1349 1224 orationis

205 1263 449 1370 aequabiliter
463 1288 625 1344 structae
653 1298 740 1344 cura
767 1272 1022 1361 abhorruisse3
1048 1274 1112 1343 sed
1134 1273 1351 1344 adverbium

206 1421 331 1467 severe
357 1396 438 1488 quis
466 1395 537 1464 sibi
563 1393 791 1490 persuaserit
817 1391 861 1460 ad
889 1393 1056 1464 ioculare
1082 1395 1305 1465 adiectivum
1331 1421 1351 1465 a

205 1517 384 1612 scriptore
411 1518 577 1609 quamvis
605 1517 742 1586 hebete
769 1513 899 1583 referri
924 1495 1117 1608 potuisse?
1151 1517 1229 1585 lam
1263 1517 1352 1610 quid
1422 1599 1425 1605 ¹

207 1639 392 1708 sincerum
413 1639 461 1707 sit
488 1639 654 1750 optimus
668 1619 857 1706 Palatinus
878 1634 1067 1730 significat,
1100 1660 1230 1705 severo
1259 1661 1353 1730 pun-

208 1759 274 1827 ctis
300 1759 520 1848 subnotans,
547 1758 620 1826 hoc
650 1771 723 1847 est,
761 1779 880 1825 saeve.
909 1755 1054 1848 Nempe
1082 1734 1187 1848 quod
1198 1736 1353 1850 probati

206 1878 403 1992 scriptores
434 1863 476 1946 in
507 1877 713 1948 i'mbeczllus
747 1873 1005 1956 imbecillis,
990 1877 1144 1944 inermis
1169 1879 1352 1970 inermus,

206 1999 393 2068 exani'mzs
428 1996 618 2065 exanimus
653 1997 810 2088 aliisque
843 1994 1078 2064 variandis
1051 2018 1103 2064 src
1130 1999 1352 2090 praeierant,

206 2135 249 2187 ut
284 2117 573 2187 alterumutrum
610 2115 707 2185 intra
751 2129 870 2185 certos
905 2134 1009 2184 casus
1040 2117 1277 2209 subsisteret,
1315 2117 1382 2188 id¹
1430 2137 1432 2146 ’

207 2259 342 2305 aevum
373 2237 591 2306 inclinatum
619 2259 738 2330 prona
764 2236 918 2305 libidine
944 2234 1200 2306 dissimillimis
1222 2237 1263 2307 in
1289 2259 1353 2327 vo·
1465 2237 1467 2244 '

209 2357 312 2426 cibus
339 2356 537 2425 concessit:
564 2357 665 2426 unde
691 2357 833 2426 fluxere
861 2357 998 2446 lepidis
1023 2356 1077 2452 (v.
1097 2357 1295 2427 Reinesius
1314 2360 1354 2428 in

206 2479 355 2548 Petron.
403 2476 500 2573 GL),
541 2477 736 2547 concinnis
781 2477 828 2566 (v.
863 2475 1104 2546 Hildebrand.
1140 2475 1180 2544 in
1217 2477 1352 2571 Appul.

206 2599 299 2668 Met.
332 2599 374 2668 V.
407 2623 441 2691 p.
481 2594 608 2692 356.)‚
645 2597 828 2690 infirmis,
855 2597 998 2687 suevis,
1025 2597 1073 2667 de
1099 2597 1234 2690 quibus
1262 2594 1355 2669 dixit

207 2717 376 2788 Valesius
402 2718 443 2786 iri
467 2716 651 2786 Ammian.
679 2715 759 2805 XX,
783 2719 817 2805 6,
844 2720 878 2792 6.
904 2717 1115 2788 Palatinum
1142 2733 1269 2788 autem
1296 2720 1355 2789 lir-

207 2840 325 2908 mabit
353 2835 709 2927 Marcellinus'XV‚
744 2840 786 2926 9,
820 2843 853 2907 6.
886 2840 1055 2908 suavium
1090 2852 1354 2934 tyrannorum,

200 2944 452 3048 'eiusdemque
479 2955 622 3048 XXIX,
646 2959 689 3047 6,
718 2955 777 3028 48.
805 2941 1080 3050 suppliciorum
1105 2962 1276 3030 suavium
1299 2983 1355 3030 re·

205 3093 407 3171 partorum.
438 3075 535 3146 Hinc
556 3079 668 3146 etiam
689 3079 1027 3170 Peloponnensium
1051 3079 1239 3176 genitivus
1256 3083 1356 3175 apud

209 3198 372 3270 Trebell.
399 3197 528 3273 Claud.
551 3201 606 3268 16.
1093 3240 1095 3244 >

308 3319 473 3414 Epistola
501 3343 558 3412 ap.
593 3319 753 3412 Capitol.
781 3323 883 3390 Max.
909 3321 937 3386 6
962 3320 1063 3389 Balb.
1094 3325 1149 3390 17.
1179 3325 1356 3412 gratula-

211 3455 273 3510 tus
300 3441 455 3527 Italiae,
478 3462 590 3528 quam
617 3462 701 3536 cum
735 3441 903 3510 maximo
940 3440 988 3509 ab
1023 3441 1195 3510 hostibus
1227 3457 1357 3512 vasta-

211 3563 310 3634 tione
328 3559 552 3652 defendistis
572 3558 618 3656 (l.
639 3561 881 3656 diffenditis);
895 3565 1116 3651 gratulatus
1134 3543 1356 3653 provinciis,

210 3705 307 3772 quas
341 3681 560 3772 inexplebili
588 3669 759 3752 uuuritia
800 3697 1053 3773 tyrannorum
1081 3682 1277 3754 laceratas
1304 3687 1358 3753 ad

211 3825 318 3892 spem
343 3803 481 3872 salutis
505 3805 724 3873 reduxistis.
1299 3877 1308 3880 ,

235 3961 240 3967 -
309 3921 427 3992 Silent
451 3923 497 3994 ad
521 3924 614 3994 haec
641 3925 769 4016 critici,
795 3940 971 4016 tanquam
996 3923 1037 3992 in
1062 3922 1244 3995 librorum
1271 3946 1357 3996 con-

211 4062 335 4144 sensu.
361 4041 434 4114 Sed
461 4045 698 4136 inexplebilis
723 4045 798 4114 Pal.
826 4069 912 4115 cum
940 4045 995 4114 ed.
1022 4044 1211 4138 principe,
1247 4047 1357 4134 redu-

211 4163 324 4236 xistis
349 4163 523 4261 ignotant
549 4166 624 4238 duo
649 4167 816 4261 primarii
843 4165 1000 4255 codices,
1026 4186 1096 4232 nec
1122 4166 1240 4232 semel
1265 4169 1358 4237 acci-

213 4287 268 4362 dit
292 4309 361 4387 pet
386 4287 639 4363 temeritatem
661 4287 900 4360 librariorum
926 4285 985 4356 vel
1010 4283 1090 4355 edd
1117 4295 1206 4356 vett.
1233 4301 1277 4356 ut
1306 4289 1358 4360 la-
