3140 5014
705 367 756 443 2³

72 580 77 592 ¹
161 533 318 624 oflendit
357 554 553 651 singularis
581 555 805 624 ¹observatio
840 550 1046 652 scriptoris,
1101 557 1165 652 qui
1202 558 1304 628 tituli
1389 609 1395 616 -

76 705 80 760 r
163 675 334 758 Caesarei
359 677 554 746 notionem
578 677 744 747 attulerit
770 699 790 745 a
816 675 1005 772 plerisque
1039 678 1306 773 reprehensam

87 767 89 788 Ι
162 813 199 866 et
222 797 493 890 improbatam,
531 799 666 870 deinde
694 821 806 870 nemo
839 801 951 870 lando
978 799 1147 896 percepit
1179 800 1305 870 mirili-

83 971 89 1000 2
161 943 243 988 cam
270 919 469 992 formulam
485 921 571 1014 filii
596 922 689 1011 viri,
722 943 818 1013 quae
843 943 967 1014 neque
993 937 1213 1017 promptum
1239 945 1305 992 ne-

58 1073 62 1087 ·
162 1065 235 1132 que
261 1065 394 1110 verum
421 1041 534 1113 habet
558 1043 797 1137 explicatum.
849 1039 929 1109 Iam
954 1041 1170 1113 historicam
1194 1065 1306 1136 quae·

77 1209 86 1258 .:
162 1163 323 1232 stionem
351 1151 428 1234 no'n
460 1165 563 1233 iuvat
593 1163 745 1233 uberius
774 1163 966 1256 persequi,
1002 1186 1231 1258 quamquam
1268 1175 1306 1233 et

28 1363 29 1388 ,
73 1369 78 1381 ι
164 1285 376 1354 Salmasius
405 1310 486 1356 eam
513 1288 625 1379 plane
651 1285 901 1379 perturbavit,
941 1299 979 1354 et
1005 1284 1070 1380 qui
1094 1285 1225 1356 ceteris
1254 1283 1307 1354 di-

162 1407 340 1503 ligantias
367 1431 457 1514 ,rem
494 1407 683 1504 exposuit,
725 1407 976 1526 Spanheprius
1012 1408 1058 1477 de
1091 1406 1136 1476 U.
1172 1419 1210 1474 et
1246 1405 1304 1475 Pr.

161 1530 282 1616 Num.
299 1529 341 1598 T.
372 1529 417 1606 II.
446 1553 481 1622 p.
511 1529 737 1600 sta-357.
765 1527 909 1604 sivein
934 1527 1069 1598 Iuliani
1095 1527 1195 1597 Orat.
1222 1526 1250 1595 I.
1268 1552 1304 1621 p.

162 1651 208 1720 43
222 1694 260 1704 -
274 1653 332 1720 ts.
359 1652 513 1743 reliquit
537 1649 720 1720 nonnulla
743 1649 902 1742 posteris
915 1647 1154 1743 perficienda.
1200 1647 1306 1717 Sum-

162 1771 298 1840 matinr'
320 1785 448 1842 tamen
475 1771 701 1861 delibemus,
736 1792 832 1862 quae
858 1767 905 1838 ad
935 1769 1173 1840 intellectum
1199 1769 1307 1863 Spar-

160 1893 253 1963 tiani
279 1917 389 1962 nosse
417 1867 666 1963 commodum
683 1893 740 1960 sit.
796 1891 929 1961 Donec
954 1891 1069 1987 igitur
1094 1915 1186 1990 gens
1212 1891 1309 1960 Iulia

161 2037 286 2083 rerum
320 2001 561 2107 potiebatur,
602 2039 647 2082 ex
680 2035 768 2081 vero
801 2013 975 2082 Caesares
1013 2011 1307 2107 appellabantur,

66 2227 70 2235 Ι
164 2136 229 2227 qui
254 2137 295 2203 in
324 2153 405 2204 eam
434 2133 538 2204 asciti
564 2135 676 2204 simul
707 2155 813 2227 spem
848 2131 1066 2204 hereditatis
1095 2147 1132 2203 et
1164 2139 1309 2202 succes-

43 2313 70 2357 ..
161 2255 276 2325 sionis
310 2257 545 2348 acciperent,
572 2279 685 2348 eaque
711 2253 797 2351 lege
825 2255 1024 2325 Caesarum
1051 2253 1187 2325 seriem
1206 2275 1307 2323 com-

56 2429 60 2442 .
161 2375 315 2470 plebant
349 2375 462 2445 Gaius
503 2391 540 2444 et
572 2373 729 2465 LuciuS,
767 2375 901 2445 deinde
934 2376 1128 2468 Tiberius,
1161 2377 1307 2446 Drusus

25 2497 30 2524 '
57 2585 68 2595 ἰ
163 2512 200 2567 et
228 2495 495 2588 Germanicus,
523 2510 715 2590 postremo
742 2497 978 2567 Britannicus
1008 2511 1046 2566 et
1073 2494 1185 2567 Nero.
1237 2496 1310 2570 Sed

161 2633 248 2712 post
273 2619 455 2686 extinctos
479 2617 592 2686 Iulios
618 2641 703 2688 cum
732 2619 777 2687 ad
797 2617 1048 2713 principatum
1074 2631 1307 2712 vocarentur,

161 2739 227 2830 ¹qui
248 2739 463 2808 Caesaream
485 2735 641 2805 domum
662 2761 786 2832 neque
805 2752 937 2808 natura
959 2761 1084 2831 neque
1106 2738 1308 2834 adoptione

47 2951 55 2962 ¹
163 2861 443 2958 contingerent,
468 2855 633 2952 primum
656 2857 712 2926 illi
730 2858 882 2950 reliquis
909 2857 1132 2956 dignitatum
1155 2882 1308 2932 suarum

43 3073 51 3082 .
161 2983 280 3051 ritulis
318 2981 513 3050 Caesarem
549 2979 737 3070 adiecere,
777 3001 851 3072 quo
886 2978 1184 3052 successionem·
1203 2983 1308 3075 quasi

161 3101 285 3198 stirpis
313 3103 478 3173 eiusdem
507 3103 582 3194 (τὴν
607 3097 670 3167 tori
694 3103 809 3183 γένους
835 3097 935 3190 σφῶν
960 3100 1139 3195 διαδοχήν,
1167 3117 1211 3172 ut
1232 3103 1306 3175 Dio

163 3223 310 3294 Cassius
339 3223 404 3314 ait)
442 3239 479 3294 et
506 3223 692 3293 insitivam
718 3225 806 3293 Iulii
845 3223 1033 3322 sanguinis
1069 3221 1306 3296 nobilitatem

162 3348 232 3416 sibi
266 3361 503 3444 arrogarent,
544 3347 670 3440 itaque
708 3346 836 3416 iuncta
878 3345 1042 3415 Caesaris
1078 3357 1116 3414 et
1148 3347 1307 3443 Augusti

162 3453 362 3563 appellatio
390 3491 509 3536 unum
536 3467 581 3536 ad
608 3467 816 3560 principem
839 3466 1141 3537 transferebatur.
1197 3461 1305 3538 Solus

160 3591 254 3661 illud
279 3613 421 3660 nomen
464 3587 587 3657 omisit
623 3587 683 3657 vel
711 3589 878 3686 neglexit
908 3586 1091 3656 Vitellius.
1158 3587 1306 3658 Deinde

161 3713 346 3782 Iuliorum
372 3732 479 3778 more
505 3709 680 3778 Caesares
708 3711 736 3779 ii
769 3701 926 3800 fiebant,
962 3706 1026 3800 qui
1058 3707 1305 3805 principalem

161 3836 201 3904 in
224 3833 379 3904 domurn
398 3846 511 3926 atque
529 3829 754 3924 succedendi
772 3852 879 3923 spem
901 3827 1110 3900 transirent.
1158 3829 1304 3901 Primus

159 3953 275 4053 igitur
310 3943 428 4048 Galba
462 3951 638 4022 Pisonem
672 3949 799 4020 ascivit
827 3950 1042 4041 Caesarem,
1078 3950 1303 4046 Vespasiano

160 4071 361 4172 superstite
395 4070 503 4144 Titus
543 4088 581 4143 et
610 4072 870 4165 Domitianus,
903 4084 1081 4168 tanquam
1121 4069 1305 4142 candidati

160 4199 411 4294 principatus,
439 4196 612 4266 Caesares
639 4194 746 4287 dicti,
779 4193 961 4282 Traianus
992 4196 1037 4264 ab
1063 4195 1186 4262 Nerva
1214 4191 1304 4264 Cae·

161 4342 219 4392 sar
253 4319 458 4391 declaratus
490 4315 711 4414 participem
744 4339 918 4388 curarum
953 4312 1172 4386 militarium
1207 4313 1303 4412 egit,
