3140 5014
269 527 306 586 at
331 535 390 586 res
415 533 521 584 secus
547 509 744 600 sehabet,
781 507 812 580 si
845 507 1007 578 rationes
1043 522 1261 602 temporum
1296 510 1408 604 paulo

267 631 482 732 diligentius
507 631 691 702 ineantur.
742 629 888 724 Nempe
922 628 1069 726 scripsit
1096 628 1305 701 Hadrianus
1333 630 1410 726 epi-

267 755 420 848 stolam,
447 767 645 852 postquam
671 752 841 849 Aegypto
869 750 1101 842 discesserat,
1129 752 1201 836 hoc
1228 769 1303 846 est,
1327 765 1413 846 post

154 917 156 930 ·
267 899 408 974 annum
433 877 516 948 886.
567 875 683 944 Porro
712 873 854 942 Verum
880 885 1026 942 constat
1051 895 1129 942 non
1155 888 1243 944 ante
1267 899 1297 942 a.
1327 875 1411 942 888.

268 996 488 1092 adoptatum
521 995 644 1066 fuisse.
704 993 878 1064 Medium
914 992 1018 1088 quasi
1062 1007 1212 1088 tempus
1240 995 1414 1090 implevit

268 1118 434 1188 Serviani
460 1120 692 1209 consulatus,
718 1129 761 1186 ut
777 1128 947 1210 apparet,
965 1113 1119 1206 tertius,
1141 1138 1254 1210 quem
1275 1142 1304 1188 a.
1325 1122 1410 1192 887.

269 1239 452 1334 suscepit,
487 1239 596 1310 Vibio
622 1241 717 1308 Varo
756 1235 908 1333 collega.
960 1236 1074 1327 Atqui
1101 1251 1312 1312 constanter
1338 1257 1414 1312 tra.

270 1344 324 1432 dit
349 1361 579 1454 Spartianus,
607 1384 690 1432 cum
707 1356 904 1428 Servianus
928 1370 1103 1450 tanquam
1127 1357 1317 1432 affectator
1341 1363 1415 1432 irn-

268 1482 366 1578 perii
389 1499 550 1554 mortem
578 1483 682 1552 obire
707 1493 854 1550 coactus
880 1477 1032 1568 luisset,
1059 1479 1200 1550 Verum
1216 1481 1262 1550 ad
1286 1485 1413 1554 Aelius

267 1603 455 1676 transisse.
514 1603 613 1698 Quid
645 1603 759 1701 igitur
795 1600 945 1672 censes?
979 1599 1130 1670 idemne
1158 1597 1328 1696 libellus,
1365 1607 1414 1676 ad

267 1725 489 1796 Servianum
515 1725 707 1796 consulem
734 1723 888 1812 missus,
920 1721 1138 1792 Servianum
1172 1728 1414 1819 superstitem

268 1871 345 1918 una
385 1871 472 1918 cum
503 1849 600 1918 Vero
635 1859 720 1944 post
756 1844 856 1914 illius
884 1858 1047 1912 mortem
1074 1842 1250 1938 adoptato
1270 1850 1416 1940 ‘potuit

207 1959 210 1969 ’
270 1957 496 2064 complecti?
549 1970 682 2062 Neque
703 1980 829 2036 temen
856 1963 1022 2062 Serviani
1054 1989 1197 2036 nornen
1230 1969 1270 2036 ir1
1296 1971 1415 2062 suspi-

270 2091 419 2163 cionem
444 2087 621 2179 incurrit,
648 2086 831 2178 siquidem
856 2087 1035 2155 Paulinae
1067 2088 1242 2158 maritum
1274 2090 1314 2158 in
1340 2091 1415 2162 Ha-

269 2210 387 2284 driani
413 2211 565 2282 vocibus
585 2208 835 2307 agnoscimus,
856 2207 1027 2278 Calices.
1050 2259 1058 2278 .
1078 2259 1086 2278 .
1107 2211 1322 2300 transmisi,
1345 2212 1418 2282 tibi

270 2347 306 2403 et
326 2333 462 2423 ¹sorori
484 2353 587 2404 meae
613 2329 830 2422 specialiter
848 2330 1044 2400 dedicatos
1052 2361 1064 2416 ,·
1088 2330 1229 2400 nedum
1248 2346 1290 2401 ut
1307 2332 1415 2424 Spar-

268 2455 372 2529 tiano
400 2453 515 2524 fidem
542 2451 792 2524 detrahamus.
833 2453 902 2539 ¹At
935 2451 1081 2542 licebit,
1111 2452 1253 2544 inquit,
1281 2454 1415 2548 filium

269 2599 389 2648 meum
426 2575 467 2644 in
501 2572 661 2646 caritatis
698 2585 736 2642 et
774 2572 974 2668 tenerrimi
1010 2596 1140 2644 sensus
1180 2574 1415 2670 significatio-

269 2719 359 2768 nem
393 2692 571 2790 pertrahi.
630 2693 772 2764 Placuit
806 2695 877 2764 ista
912 2695 1037 2786 venia,
1071 2719 1143 2786 qua
1175 2696 1301 2764 locum
1344 2697 1414 2764 im-

269 2816 441 2914 peditum
479 2837 565 2886 cum
597 2813 679 2885 tide
720 2815 896 2886 historiae
939 2817 1171 2906 conciliaret,
1209 2819 1414 2888 Flemmero
1486 2889 1491 2898 ,

270 2937 477 3008 Havniensi
533 2933 702 3030 scriptori
747 2935 793 3006 de
842 2936 1039 3006 itineribus
1082 2937 1193 3008 Hadr.
1241 2964 1277 3032 p.
1327 2946 1413 3012 113.

270 3057 408 3151 „Brevi
443 3056 582 3142 dicam,
627 3056 717 3148 quid
748 3058 917 3129 sentiam.
984 3056 1124 3151 Scripta
1165 3073 1220 3126 est
1252 3061 1415 3153 epistola
1486 3096 1495 3112 -

272 3201 370 3248 anno
396 3179 479 3250 887.
508 3191 546 3246 et
571 3177 611 3246 L.
639 3177 758 3246 Verus
784 3178 980 3271 adoptatus
1011 3192 1065 3249 est
1092 3204 1122 3248 a.
1149 3181 1253 3268 889.;
1294 3183 1414 3254 nihilo

271 3314 401 3370 tamen
425 3297 550 3368 minus
575 3295 789 3368 Hadrianus
828 3298 868 3368 in
901 3300 980 3394 ipsa
1015 3300 1171 3394 epistola
1207 3317 1292 3372 ante
1327 3304 1416 3374 ado·

272 3421 445 3518 ptionem
471 3441 561 3490 eum
582 3419 703 3488 lilium
724 3400 896 3514 appellat,
925 3421 1025 3514 quod
1050 3422 1225 3492 iuvenem
1242 3425 1416 3518 pulcher-

159 3567 167 3578 ·
272 3542 433 3632 rimum,
466 3537 658 3610 assiduum
685 3539 828 3610 itineris
867 3543 1064 3634 comitem,
1102 3559 1258 3638 paterno
1286 3568 1416 3616 amore

273 3660 570 3759 amplectebatur
596 3673 634 3729 et
657 3657 725 3728 lilii
758 3661 842 3730 loco
875 3663 1013 3732 habere
1041 3667 1319 3736 consueverat.“
1371 3669 1418 3738 In

273 3783 332 3854 his
354 3781 569 3880 ignoramus
595 3779 697 3850 unde
723 3781 839 3851 homo
864 3783 1016 3854 callidus
1042 3786 1192 3880 petierit
1216 3786 1417 3858 assiduum

275 3903 424 3978 itineris
457 3903 646 3996 comitem,
686 3927 801 3998 quem
835 3904 1049 4000 Spartianus
1077 3906 1189 3977 Hadr.
1226 3911 1283 3978 232
1321 3908 1418 3979 nihil

274 4027 347 4098 nisi
365 4024 498 4118 forma
523 4028 821 4097 commendatum
838 4041 975 4120 narret,
993 4026 1114 4120 iisque
1143 4027 1297 4098 demum
1319 4044 1418 4102 tem-

244 4177 247 4184 ·
275 4149 429 4244 poribus
462 4145 503 4216 in
531 4146 673 4216 Aeliam
706 4161 861 4244 gentem
899 4147 1075 4240 ascitum,
1119 4173 1204 4222 cum
1233 4151 1418 4243 princeps

277 4293 370 4342 aevo
403 4270 688 4365 ingravescente
721 4269 864 4342 morbis
897 4269 1134 4344 tristioribus
1166 4284 1416 4370 premeretur.
