3140 5014
835 343 885 441 ²6

287 556 363 604 neo
397 532 530 602 desunt
565 504 735 624 exempla
779 527 957 600 citerioris
1000 529 1261 620 aevi‚··Clodii
1298 527 1428 616 Albini,
1460 599 1465 606 ,

293 656 432 743 Getae,
457 651 693 741 Numeriani,
720 651 897 741 aliorum,
933 673 1025 742 quos
1053 652 1223 722 ridemus
1250 651 1429 736 Caesares,
1523 693 1524 748 r

289 775 361 844 hoc
390 788 464 863 est,
491 772 644 842 secundi
669 773 806 868 fastigii
832 773 1037 866 principes,
1063 774 1249 844 celebrari.
1300 775 1437 842 Hacte.
1523 763 1524 784 ¹

289 918 359 966 nus
388 894 466 964 falli
494 891 683 962 videretur
708 893 941 992 Spartianus,
979 893 1042 984 qui
1069 895 1208 964 Verum
1243 891 1432 964 tradiderit

289 1020 459 1110 primum
486 1039 567 1084 esse
595 1016 796 1082 Caesarem
826 1016 1061 1105 appellatum
1069 1045 1081 1101 ,·
1108 1016 1181 1084 nisi
1207 1030 1353 1089 tantum
1379 1013 1433 1079 in-

290 1139 546 1232 terposuisset.
597 1136 650 1202 At·
682 1135 781 1206 enim
816 1137 856 1204 in
890 1158 996 1208 causa
1023 1160 1111 1230 prae
1144 1137 1276 1206 ceteris
1309 1149 1432 1230 aperta

292 1274 330 1330 et
357 1258 401 1327 ad
428 1259 563 1353 uulgus
593 1255 777 1356 exposita,
807 1256 924 1346 quiris
948 1256 1124 1328 historiae
1144 1260 1335 1354 Augustae
1360 1275 1434 1322 non

287 1349 512 1488 ,ignarus‘rit
534 1401 623 1462 ¹earn
657 1377 763 1446 nullo
793 1377 976 1448 librorum
1013 1403 1094 1463 usu¹
1120 1394 1288 1461 teneret,
1325 1397 1434 1471 quam

289 1501 439 1608 errandi
454 1523 616 1604 *causam
645 1514 683 1567 et
699 1499 930 1582 occasionem
951 1501 1160 1598 fingemus?
1216 1503 1338 1568 immo
1356 1519 1436 1592 per-

291 1637 464 1718 spexerat
489 1622 555 1690 ille
590 1621 816 1718 singularem
841 1620 930 1688 Veri
969 1621 1227 1692 condicionem
1262 1619 1437 1702 extitisse,

287 1767 386 1836 ¹quae
412 1743 598 1810 minorem
626 1740 716 1810 iuris
742 1741 913 1810 Caesarei
929 1742 1084 1838 gradum
1107 1757 1297 1840 argueret:
1325 1738 1438 1832 siqui-

292 1865 377 1944 dem
413 1863 557 1954 Aelius,
603 1861 681 1954 etsi!
707 1863 828 1933 socius
864 1862 1083 1932 tribuniciae
1125 1865 1316 1958 potestatis
1358 1858 1437 1944 suit,

288 1960 614 2078 ¹splendidissimos
640 1997 767 2050 tamen
792 1983 833 2050 in
858 1983 1019 2060 honores
1047 2008 1122 2052 non
1142 1999 1197 2054 est
1214 1996 1438 2076 assumptus,
1525 1961 1526 1966 ἵ

291 2106 357 2174 sed
395 2105 510 2174 solam
548 2102 714 2172 Caesaris
759 2103 922 2198 speciem
973 2106 1189 2195 ostentavit,
1239 2106 1439 2186 immatura

293 2243 415 2297 morte
453 2227 696 2316 interceptus.
763 2223 838 2317 Qui
873 2246 957 2295 cum
993 2249 1122 2298 recens
1157 2226 1202 2294 ab
1237 2225 1440 2320 adoptione

292 2347 494 2420 Pannoniis
521 2344 719 2440 impositus
746 2345 811 2426 sit,
837 2359 880 2412 ut
907 2344 1063 2416 vicarius
1099 2347 1158 2416 vel
1196 2345 1342 2444 legatus
1367 2348 1441 2414 Au-

290 2468 394 2566 gusti
438 2467 569 2543 haberi
613 2481 755 2562 posset:
793 2489 870 2536 non
913 2480 1058 2534 temere
1093 2469 1179 2536 fecit
1214 2468 1441 2562 Spartianus,
1526 2503 1527 2514 κ

295 2589 436 2682 quippe
463 2588 567 2656 testis
594 2586 745 2681 imperii
769 2587 866 2654 inter
890 2588 1077 2684 Augustos
1105 2605 1143 2655 et
1168 2588 1333 2660 novicios
1352 2587 1444 2678 Cae·

294 2717 392 2777 'sares
431 2708 559 2798 divisi,
596 2709 735 2777 Verum
771 2731 988 2802 comparans
1026 2733 1113 2780 curn
1137 2711 1370 2780 Maximiano
1407 2719 1444 2774 et
1526 2781 1527 2804 ᾖ

297 2829 515 2898 Constantio
545 2827 684 2898 Chloro
704 2830 941 2933 Caesaribus,
969 2830 1034 2923 qui
1060 2829 1203 2900 duobus
1229 2830 1298 2900 sub
1315 2834 1443 2926 Augu·
1526 2807 1527 2810 Ἴ

294 2951 358 3018 stis
384 2950 424 3018 in
447 2929 557 3016 bellis
575 2963 613 3016 et
631 2949 832 3046 provinciis
855 2950 1031 3048 agebant,
1058 2950 1197 3022 similes
1222 2952 1278 3025 illi
1304 2948 1445 3049 regulis

293 3053 568 3166 Hispanorum,
615 3091 706 3165 quos
748 3083 931 3138 nostrates
978 3086 1112 3142 vocant
1167 3075 1277 3144 Vzssce
1263 3073 1444 3162 -Ko'm'ge

295 3173 466 3283 *Eamque*
486 3186 771 3276 similitudinem
794 3205 894 3260 recte
917 3190 1208 3262 animadversam
1230 3218 1310 3265 esse
1335 3213 1446 3264 num·

295 3313 366 3382 mis
394 3313 624 3382 demonstrat
652 3309 814 3399 Zo‘e'gu
805 3333 845 3378 1n
870 3310 1041 3380 Nummis
1077 3316 1235 3410 Aegypt
1267 3316 1444 3410 Imperat.

295 3459 332 3530 p.
362 3437 441 3506 162
493 3433 624 3522 Itaque
650 3430 917 3524 Spartianus
891 3454 921 3498 sr
947 3432 1069 3504 minus
1098 3433 1307 3534 eleganter,
1333 3455 1372 3508 at
1400 3453 1445 3502 ex

296 3541 369 3623 fide
394 3535 589 3636 historiae.
612 3575 764 3642 prlmus
792 3567 939 3620 tantum
967 3555 1113 3624 Caesar
1136 3572 1191 3626 est
1215 3560 1445 3656 appellatus-

397 3663 464 3742 His
488 3673 679 3742 conlectis
724 3671 768 3740 ad
805 3672 906 3740 illam
955 3672 1223 3748 dubitationem
1265 3672 1447 3776 progredi

296 3774 442 3910 licebit,
473 3817 593 3885 quarn
612 3795 738 3862 moret
775 3808 1031 3864 commentum
1071 3795 1191 3888 istud,
1225 3798 1446 3890 principum

286 3917 372 4012 filii
398 3915 483 3984 vrri
535 3913 720 3984 Suadebat
746 3927 873 3983 autem
898 3916 951 3984 Io.
981 3917 1309 4006 Cunnegi'eterus
1300 3942 1340 3991 111
1361 3913 1448 3988 Col-

296 4024 359 4126 lat.
386 4012 506 4136 Legg.¹
528 4022 681 4106 Mosaic.
708 4037 780 4109 Tit.
806 4019 851 4104 X.
879 4032 913 4130 ἕ.
943 4040 977 4106 3.
990 4036 1078 4128 filii
1108 4038 1207 4109 veri:
1241 4063 1354 4134 quam
1387 4057 1449 4106 su·

299 4147 509 4252 spicionem
551 4153 714 4254 ambigas
755 4172 883 4226 utrum
921 4178 1051 4226 sensus
1077 4181 1125 4230 an
1164 4162 1282 4233 oratio
1311 4156 1449 4230 certius

297 4278 463 4374 repellat.
514 4278 616 4350 Nam
636 4275 703 4348 lilii
728 4278 813 4348 veri
837 4299 911 4374 quo
937 4293 1045 4376 pacto
1084 4279 1251 4358 dicantur
1285 4279 1352 4352 filii
1378 4292 1450 4376 per
