3140 5014
30 688 37 793 l

31 802 38 911 Ι

34 963 39 1020 Ι

33 1094 42 1163 'l

396 313 446 348 d

691 351 740 424 1-'1

101 541 165 608 tis
203 553 279 607 aut
302 537 408 606 novis
434 535 582 606 mendis
605 559 673 630 per
690 536 872 612 incuriam
889 535 1065 607 admissis.
1099 539 1195 608 Nam
1218 543 1288 609 Cu·¹

104 659 337 732 strabonus
368 658 470 726 libris
496 658 634 728 misere
669 657 924 753 interpolatis,
963 672 1007 727 ut
1027 649 1161 755 'Regio
1189 659 1288 729 Pari-

105 784 218 852 sino
233 834 243 872 ,
276 780 403 851 nescio
431 801 504 871 qua
530 779 658 849 iudicii
682 780 922 874 perversitate
945 778 1058 848 iidem
1091 797 1198 848 suam
1226 779 1288 850 ad·

32 916 35 942 '²
108 902 250 992 dixit,
289 904 453 971 Grutero
490 900 577 969 satis
610 901 730 969 visum
764 900 993 970 diversitates
1025 899 1160 995 optimi
1186 899 1288 970 Pala·

34 1036 38 1053 ¹
107 1023 205 1090 tini
235 1022 349 1116 paulo
375 1021 564 1120 graviores
592 1019 782 1111 enotass‘e3
809 1034 972 1115 utroque
998 1035 1125 1090 autem
1149 1019 1287 1090 intelli·

112 1143 291 1238 gentior
327 1143 391 1236 qui
428 1143 473 1210 ab
509 1163 586 1210 uno
622 1141 702 1210 Pal.
731 1157 768 1212 et
805 1141 975 1224 aditione
1000 1140 1169 1236 principe
1194 1140 1285 1210 locis

40 1322 41 1326 ,
113 1263 284 1330 afflictis
310 1264 406 1332 solet
431 1285 541 1356 opem
565 1262 813 1354 commodare,
839 1251 1051 1332 Salmasius
1065 1263 1167 1330 nun'c
1182 1283 1287 1356 egre·-

40 1471 41 1482 .
115 1384 215 1479 gias
248 1385 392 1453 invenit
428 1383 697 1472 correctiones,
730 1384 844 1453 modo
872 1381 1025 1452 calidius
1049 1381 1089 1450 in
1116 1381 1197 1450 avia
1223 1381 1286 1450 de-

42 1510 45 1521 '
117 1504 257 1596 fertur
276 1517 313 1572 et
335 1504 525 1574 recondita
552 1503 707 1574 sordidis
727 1503 913 1573 historicis
937 1500 1114 1572 obtrudit.
1142 1502 1284 1596 Quarto

43 1643 44 1647 ’
118 1625 256 1721 gradu
282 1624 474 1694 neminem
500 1625 633 1694 afferre
665 1624 752 1693 licet
768 1638 916 1716 praeter
935 1625 1015 1694 Ulr.
1044 1621 1294 1714 Obrechtum,

123 1745 203 1836 qui
218 1745 335 1813 varias
358 1746 547 1838 symbolas
568 1745 696 1838 paucis
717 1744 1001 1814 annotationum
1018 1743 1163 1841 paginis
1185 1765 1286 1813 ccm-

48 1906 50 1933 =.
122 1865 250 1933 misit.
294 1865 424 1956 ltaque
465 1864 599 1955 quibus
634 1865 746 1935 hodie
773 1865 944 1960 plerique
973 1878 1133 1934 utuntur
1160 1883 1284 1932 exem-

124 1985 229 2080 plis,
254 1985 498 2054 Hadrianum
526 1984 611 2054 satis
638 1987 873 2085 negligenter
897 1983 1128 2075 adornatum,
1157 2007 1285 2078 quam·

82 2131 84 2134 ’
127 2131 252 2199 quam
289 2105 549 2178 commentarii
580 2106 905 2178 meritissimorum
942 2105 1109 2176 virorum
1134 2103 1287 2197 repetiti

124 2229 199 2296 vel
231 2228 355 2319 potius
387 2251 454 2322 per
488 2242 652 2297 saturam
678 2229 752 2298 fusi
777 2225 866 2298 huic
885 2227 1111 2296 Batavorum
1139 2219 1286 2317 opificio

52 2361 53 2365 ’
126 2350 278 2417 famam
305 2347 545 2441 addiderunt,
581 2348 841 2442 Bipontinum,
868 2346 982 2442 louge
1007 2343 1216 2440 castigatius
1242 2342 1286 2411 il-

127 2468 203 2538 lud
238 2481 275 2536 et
308 2469 479 2564 inprimis
506 2470 552 2542 ad
577 2468 844 2540 Salmasiauam
872 2479 1068 2556 exactum,
1092 2476 1284 2560 postremo

53 2668 58 2697 „
130 2589 356 2680 Lipsiense,
377 2589 507 2658 iuncta
533 2589 751 2658 Puttmanni
784 2587 1040 2680 Schmidiique
1071 2582 1196 2678 opella
1221 2605 1285 2678 pa»

54 2722 59 2747 ’
130 2731 222 2778 rum
244 2708 406 2782 fideliter
432 2709 659 2800 exhibitum,
693 2708 807 2777 modo
842 2709 1033 2806 vulgatam
1059 2705 1104 2774 ab
1130 2704 1284 2774 Erasmo

131 2829 198 2900 vel
225 2829 417 2924 Stephano
442 2845 631 2925 repertam
658 2843 885 2922 sequuntur,
915 2823 1146 2926 interpositis
1173 2824 1287 2896 etiam

133 2950 347 3022 Casauboni
390 2965 428 3019 et
469 2950 637 3020 Salmasii
679 2948 903 3018 commentis
911 2977 923 3040 3
960 2969 1061 3020 nunc
1101 2945 1286 3040 quaedam

135 3071 320 3141 omittunt
365 3070 592 3142 lectionesve
630 3071 821 3140 inculcant
855 3066 1103 3166 ignorabiles,
1149 3079 1195 3136 ut
1231 3079 1286 3135 ta-

133 3213 225 3260 men
238 3191 467 3260 'hominibus
489 3189 608 3262 doctis
626 3189 769 3259 nullam
792 3188 980 3259 moverint
999 3186 1283 3258 dubitationem.

135 3313 248 3381 Velut
280 3312 321 3381 in
353 3311 566 3385 nominibus
600 3309 763 3405 propriis
789 3305 1031 3379 inferciendis
1057 3307 1151 3379 adeo
1178 3308 1287 3378 luxu·

136 3432 251 3523 siant,
286 3446 331 3501 ut
364 3454 439 3524 quo
476 3430 631 3502 consilio
658 3428 819 3500 fecerint
843 3430 1020 3524 quodque
1044 3428 1194 3500 lucrum
1221 3449 1286 3500 an-

135 3552 357 3646 quisireriut
382 3553 444 3622 vix
468 3552 712 3622 inveniamus.
746 3549 977 3621 Huiusmodi
1003 3562 1060 3618 est
1083 3545 1285 3620 ridiculum

137 3673 344 3744 auctarium
370 3674 411 3744 in
437 3673 554 3767 Spart.
582 3671 664 3742 Ser.
692 3673 750 3741 dl.
781 3675 928 3764 Corpus
955 3670 1038 3739 eius
1066 3667 1107 3737 in
1130 3666 1286 3738 Britan·

139 3792 204 3860 nia
238 3795 399 3866 Romam
433 3791 549 3884 nsque
563 3841 571 3859 .
586 3790 615 3861 .'.
641 3807 865 3884 susceptum,
890 3803 970 3877 θεῖς
1005 3786 1194 3886 quumvis·
1215 3785 1290 3858 alii

140 3912 316 3982 urnulam
350 3935 512 3986 auream
537 3925 686 3984 tontum
699 3910 834 4005 fuisse
858 3909 1008 4001 dicant,
1048 3895 1179 3981 Severi
1196 3903 1286 3976 reli·

139 4032 248 4123 quius
276 4036 542 4128 continentem,
569 4077 619 4095 -
635 4053 731 4110 ,arun
761 4031 965 4125 Septimius
1003 4029 1194 4102 Pertinax
1225 4025 1286 4094 Ss-

139 4153 344 4227 verns‘illz'e
362 4149 437 4225 ubi
450 4158 531 4228 utra
545 4153 714 4250 functus
741 4169 839 4235 esset
865 4154 1064 4236 incensum
1087 4165 1178 4214 nam
1190 4143 1284 4213 Per-

141 4274 245 4350 tinax
264 4265 429 4354 saunis·
443 4269 603 4373 perinde
622 4271 731 4350 MSS.
756 4276 1062 4376 ignorantesque
1085 4283 1199 4334 voces
1225 4284 1286 4334 aas

1017 4396 1060 4456 ¹2
