3140 5014
804 306 860 386 at

252 507 330 565 tata
360 504 718 580 esse-memorata..
757 488 858 582 Quid
892 490 1026 562 deinde
1062 505 1282 583 censemus,
1315 505 1401 566 oum
1524 551 1526 556 .

253 612 293 682 hi
322 612 429 703 quasi
462 609 629 680 historici
662 610 810 706 longius
847 613 997 682 errolant
1036 625 1075 682 et
1110 612 1156 682 ad
1190 613 1401 706 splendidas
1497 621 1501 628 '

248 731 405 802 moralis
432 731 693 826 philosophiae
718 754 829 802 voces
864 747 927 802 aut
963 733 1101 804 iudicia
1127 733 1173 804 de
1199 735 1310 817 rebus
1331 736 1402 806 hu-

254 853 374 926 manis
412 851 597 944 aspirant?
657 851 748 921 Vide
774 852 897 924 Seven
936 857 993 924 2⁰«.
1027 861 1088 926 nt.
1115 854 1312 951 Heliogab.
1341 860 1399 928 33.

252 975 358 1046 Alex.
377 976 440 1045 st.
469 972 597 1043 Claud.
625 976 655 1042 l.
705 973 807 1064 'Quid
832 975 936 1065 quod·
958 977 1021 1046 isti
1046 983 1289 1067 scrutatores,
1310 999 1400 1046 cum

251 1096 295 1166 ad
332 1095 475 1164 cultum
510 1093 681 1162 habitum
715 1093 886 1169 libidines
922 1096 1114 1168 advertant
1147 1111 1317 1175 mentem
1342 1099 1399 1168 in-

250 1216 518 1304 tentissimam,
542 1215 686 1284 faecem
711 1214 821 1282 etiam
849 1229 887 1282 et
908 1230 1050 1284 secreta
1075 1216 1275 1307 rinrantur,
1302 1243 1400 1310 quoe

250 1336 296 1406 ab
320 1335 473 1406 medicis
499 1335 559 1404 rel
585 1334 818 1404 cubiculariis
846 1335 965 1406 curari
990 1335 1132 1408 decuit:
1157 1361 1190 1405 vs
1210 1339 1397 1432 Lamprid.

249 1457 351 1527 Alex.
378 1459 438 1528 36.
462 1454 578 1548 Capit.
604 1451 719 1524 Gord.
751 1459 806 1526 19.
833 1471 888 1545 et,
915 1456 945 1526 si
964 1456 1226 1528 brevissimum
1249 1459 1399 1551 quaetio

253 1575 494 1668 exemplum,
521 1574 690 1646 eiusdem
718 1577 802 1644 Ver.
830 1577 923 1669 Imp.
951 1578 985 1646 t.
1042 1578 1196 1668 „Somni
1220 1579 1294 1648 suit
1316 1603 1400 1673 pou

250 1696 410 1786 modici,
438 1695 654 1794 digestionis
684 1696 918 1786 facillimae.“
978 1698 1215 1790 Quamquam
1250 1699 1291 1768 in
1316 1713 1399 1768 toto

249 1819 325 1888 hoc
357 1839 500 1914 genere
532 1829 695 1909 praestat
734 1817 894 1888 lectores
935 1819 980 1890 ad
1016 1819 1251 1917 Heliogabali
1285 1821 1399 1898 'vium

247 1939 434 2035 ablegare.
490 1938 546 2008 Ne
572 1947 700 2008 tamen
725 1938 889 2029 iniquius
917 1939 962 2008 de
982 1940 1181 2010 hominnm
1198 1940 1400 2036 prudentia

251 2060 511 2128 decernamus:
556 2060 617 2126 vel
661 2059 864 2128 deteriores
910 2059 1068 2130 vitarum
1114 2061 1270 2132 artifices
1317 2077 1397 2133 tum

251 2181 471 2260 extiterant,
500 2203 591 2272 quos
619 2180 663 2248 ab
691 2179 764 2248 illis
800 2203 875 2248 non
900 2203 983 2252 raro
1019 2184 1264 2276 reprehensos
1282 2182 1398 2253 aide-

249 2327 344 2392 mus.
393 2302 588 2390 ¹Caverunt
614 2301 728 2397 igitur
754 2313 830 2368 tam
855 2301 927 2371 lide
952 2327 1064 2395 quam
1091 2303 1289 2396 brevitate,
1316 2306 1398 2374 Ma-

249 2425 295 2493 rii
321 2422 480 2494 Maximi
508 2438 550 2491 ut
576 2445 692 2518 nugas
721 2423 891 2491 verbosas
920 2437 956 2491 et
987 2424 1088 2493 Iunii
1106 2424 1219 2493 Cordi
1244 2424 1397 2497 fabellas

248 2543 643 2639 praeterveherentur:
708 2565 740 2609 r.
774 2543 961 2638 Lamprid.
997 2541 1144 2640 Heliog.
1185 2549 1245 2616 33.
1280 2545 1397 2638 Capit.

249 2665 362 2736 Gord.
391 2668 449 2735 21.
470 2684 630 2754 quorum
652 2662 714 2730 hic
741 2662 852 2734 etiam
869 2664 1108 2762 grandiorem
1126 2663 1238 2736 iactat
1255 2665 1397 2760 profes-

250 2788 414 2881 sionem,
441 2785 631 2876 Siquidem
649 2806 693 2852 ca
717 2785 877 2857 debeant
903 2786 941 2854 in
968 2787 1132 2857 historia
1156 2787 1253 2876 poni
1275 2785 1324 2856 ab
1342 2785 1398 2854 tzi-

251 2905 550 3000 storiograplu's,
577 2927 673 2994 quae
699 2919 766 2973 aut
776 2903 972 2996 fugiendo
998 2908 1078 2979 sint
1101 2919 1179 2980 out.
1196 2907 1397 2998 sequendo.

349 3045 539 3116 Hactenus
566 3042 749 3134 apparuit,
780 3042 869 3132 quid
896 3043 1005 3136 pretii
1033 3043 1284 3123 statuendumv
1301 3059 1398 3116 esset

248 3165 431 3236 historicis
459 3186 479 3230 e
506 3163 618 3257 plebe
635 3163 821 3256 prosectis.
848 3165 928 3232 Nec
952 3165 1052 3246 male
1074 3164 1119 3236 de
1135 3163 1396 3254 nobissimum,
1415 3191 1422 3203 ·

249 3285 350 3381 quod
386 3308 431 3352 ex
465 3285 597 3377 opibus
627 3305 758 3351 eorum
786 3283 832 3352 de
859 3286 1023 3355 moribus
1052 3299 1091 3354 et
1114 3283 1292 3353 institutis
1318 3307 1396 3353 sae-

251 3407 326 3477 culi
341 3405 404 3473 111.
423 3401 632 3472 existimare
658 3401 747 3471 licet
772 3414 884 3495 atque
910 3404 1122 3475 universam
1149 3401 1299 3473 vivendi
1315 3427 1397 3474 sen-

249 3526 443 3617 tiendique
478 3525 660 3592 rationem
699 3525 837 3593 certius
869 3526 1137 3620 introspicere,
1175 3528 1294 3618 'quam
1328 3549 1396 3619 per

248 3651 367 3720 iustos
410 3661 448 3715 et
483 3641 645 3715 limatos‘
666 3667 791 3714 rerum
826 3649 1114 3718 commentarios
1141 3649 1229 3716 lieri
1260 3662 1397 3740 posset.

163 3759 165 3764 ’
249 3771 392 3839 Verum
419 3767 511 3841 aliae
538 3767 679 3837 multae
706 3767 811 3844 dotes
836 3766 1086 3862 scriptoribus
1110 3765 1296 3836 Historiae
1321 3770 1397 3836 Au·

248 3888 379 3988 gustas
415 3889 674 3986 suffragantur.
714 3887 865 3960 Etenim
893 3885 1094 3977 historicis,
1118 3887 1395 3980 iureconsultis,

249 4009 497 4108 grammaticis
533 4009 762 4080 uberrimam
796 4011 978 4104 praebent
1002 4007 1209 4096 materiam·
1226 4022 1265 4077 et
1288 4008 1394 4077 inex-

247 4131 438 4224 haustam,
473 4151 544 4224 qua
572 4131 781 4225 disciplinis
818 4134 894 4207 suis
917 4132 1044 4208 turem
1068 4129 1202 4206 affaire
1233 4133 1394 4223 'quoodo
