3140 5014
252 530 405 604 storiam
439 529 668 626 Augustam,
701 541 759 600 ut·
777 526 821 598 iis
855 525 1048 597 immorari
1086 525 1263 596 velimus:
1284 495 1400 619 'ortale

172 643 174 648 ’
253 653 382 724 multis
408 650 544 722 abhinc
565 647 674 724 annia
701 649 971 738 Catacbarras,
996 647 1174 719 Hadriani
1198 647 1312 718 libros
1337 649 1401 719 ob-

255 773 501 861 scurissimos,
522 770 562 840 in
577 769 693 863 Spart.
720 769 833 838 Hadr.
856 772 911 842 lt.
924 768 1226 864 investigavimus
1241 768 1401 840 aliorum

256 913 410 962 assensu
438 890 731 986 comprobatum.
756 891 887 988 Longe
911 890 1094 961 maiorem
1119 889 1302 982 praebent
1324 912 1403 960 mss

255 1011 390 1084 teriam
415 1012 571 1084 nomina
596 1012 794 1084 hominum
823 1025 860 1082 et
886 1010 1079 1090 locorumr
1103 1010 1208 1079 velut
1231 1011 1403 1082 Annium

259 1135 410 1223 Vertere,
437 1133 537 1226 quoti
563 1133 662 1228 apud
685 1133 802 1226 Spart.
829 1131 941 1202 Hadr.
969 1131 1026 1204 24.
1055 1130 1096 1200 in
1124 1131 1315 1201 Ceionium
1336 1135 1403 1200 Va-

257 1276 344 1338 rum
369 1278 450 1326 esse
476 1253 699 1330 mutandum
726 1255 818 1325 olim
849 1250 1181 1339 demonstrabitur5
1208 1275 1309 1323 nunc
1333 1253 1404 1322 sal-

257 1387 335 1444 tem
351 1395 466 1456 unam
481 1374 723 1452 adhibeamus
740 1373 988 1468 corruptelam
1004 1371 1192 1466 Lamprid.
1213 1373 1358 1472 Comm.
1370 1375 1403 1454 5.

276 1569 304 1580 ··
380 1517 477 1616 'rea
501 1541 607 1600 aetus
638 1531 824 1599 Commodus
849 1532 1002 1598 roseam
1036 1548 1192 1607 sororem,
1228 1549 1298 1596 urm
1333 1546 1405 1596 eam

406 1657 647 1738 compressisset,
672 1657 790 1720 oceidit.

289 1899 291 1903 Ι
359 1779 504 1876 Faisam
534 1805 754 1898 scripturam
789 1804 903 1873 Aldus
947 1801 1104 1872 invexit:
1147 1826 1233 1871 narn
1270 1802 1406 1896 optimi

259 1927 367 1997 MSS.
398 1949 481 1996 cum
507 1947 591 1995 eam
617 1926 900 2018 praemisisset,
937 1923 1042 1993 Med.
1070 1945 1154 1991 cum
1191 1943 1235 1992 ea
1261 1925 1406 2014 promi-

261 2049 384 2117 sisset.
446 2047 645 2118 Salmasius
678 2047 920 2115 vehementer
952 2045 1022 2114 sibi
1059 2043 1227 2113 diffidens
1267 2046 1407 2136 (neque

164 2247 165 2250 Ἴ
258 2166 465 2258 immerito)
493 2193 578 2239 cum
603 2193 650 2240 ea
688 2167 957 2257 praemisisset
994 2166 1045 2234 sic
1083 2165 1262 2256 explicare
1298 2186 1407 2232 cona-

260 2289 388 2356 batur:
417 2307 505 2356 cum
528 2288 593 2356 ille
618 2287 721 2380 prius
747 2283 1001 2356 Commodum
1027 2284 1198 2357 occidere·
1220 2283 1406 2352 voluisset.

262 2405 336 2476 Sed
360 2406 525 2478 intuenti
550 2429 705 2478 menum
731 2407 808 2480 Pal.
836 2430 930 2483 corr.
958 2430 1041 2476 eum
1066 2429 1111 2476 ea
1132 2406 1407 2496 praemisisset,

262 2526 418 2596 omnino
444 2527 644 2598 Reimarus
668 2549 801 2597 verum
827 2527 1014 2597 videbitur
1041 2525 1198 2594 eruisse:
1225 2548 1309 2603 cum
1336 2527 1409 2594 Ca·

258 2664 378 2737 prees
402 2647 599 2739 misisset,·
622 2649 769 2718 oecr'ciit.
829 2647 943 2718 Auxit
977 2646 1078 2719 enim
1114 2635 1246 2717 vitium
1274 2669 1405 2719 eorum

261 2787 385 2856 error,
421 2790 516 2859 quos
549 2768 689 2838 lineola
726 2768 1009 2840 terminationes
1044 2765 1244 2836 accusativi
1272 2780 1407 2836 notans

260 2884 429 2982 fugisset.
464 2887 598 2956 Utin
623 2887 826 2983 Capitolini
851 2888 1047 2958 Maximin.
1074 2893 1135 2960 12.

409 3043 532 3110 Habuit
563 3047 646 3111 mim
679 3049 735 3113 boe
767 3045 952 3113 borboritae
984 3049 1178 3123 temeritatis,
1219 3053 1253 3110 ut
1281 3054 1409 3128 pataret

408 3166 628 3246 imperatorem
652 3185 753 3233 morse
777 3169 872 3232 etiam
897 3185 959 3232 sue
985 3183 1103 3249 semper
1127 3167 1174 3232 uti
1200 3167 1333 3233 debere„

261 3314 338 3387 Ubi
368 3315 611 3410 reprehendit
644 3317 896 3387 temeritatem
921 3315 1139 3412 Maximini,
1175 3319 1239 3412 qui
1278 3317 1407 3388 militis

260 3439 303 3510 in
327 3436 485 3508 modurn
513 3458 600 3506 curn
624 3437 802 3532 paludem
823 3437 1014 3535 ingressus
1043 3454 1159 3531 esset,
1186 3440 1230 3507 ab
1250 3439 1407 3508 Germa-

260 3558 320 3628 nis
347 3558 621 3632 circumventus
650 3556 854 3628 discrimini
879 3560 1016 3628 virtute
1048 3583 1203 3629 suorum
1237 3575 1406 3630 exemtus

263 3693 331 3750 est.
380 3679 430 3748 At
453 3677 559 3748 MSS.
585 3676 718 3772 optimi
743 3700 831 3748 cum
855 3679 979 3768 Mea,
1015 3702 1107 3771 quos
1144 3681 1260 3752 critici
1280 3681 1406 3772 silent,

260 3799 333 3872 uti¹
342 3799 539 3888 nesciunt;
573 3811 741 3870 veterem
765 3798 909 3872 scilicet
931 3799 1115 3873 scribendi
1139 3800 1326 3873 radonem
1350 3825 1407 3872 se-

262 3917 358 4011 cuti,
397 3894 517 3988 manu
545 3920 662 3992 etiam
702 3943 775 3992 sua
813 3943 846 3993 s.
877 3923 913 3992 d.
946 3919 1169 4018 Lagentium
1206 3923 1326 3995 erum.
1364 3938 1408 4003 ut

259 4043 419 4134 putaret
454 4037 720 4130 imperatorem
763 4064 917 4116 manum
958 4041 1072 4115 etiam
1113 4065 1224 4116 suem
1257 4067 1407 4138 semper

262 4161 407 4234 debere.
430 4217 434 4228 .
457 4157 646 4230 Historico
673 4161 940 4263 virgilianum,
967 4162 1119 4256 opinor,
1143 4164 1407 4248 obversabatur

262 4279 307 4352 A.
335 4283 415 4377 XI,¹
444 4280 527 4358 rte.
554 4280 751 4356 materam
771 4296 966 4378 gnatoque
987 4285 1164 4379 patritus
1184 4286 1330 4372 debere.
1361 4315 1365 4322 .
