3140 5014
183 513 416 602 habuerint,
443 513 537 581 item
580 527 624 580 ut
656 511 868 604 Spartianus
908 526 946 580 et
996 533 1191 602 sequaces,
1236 537 1331 607 quos

183 647 280 702 artes
321 633 638 728 chronologorum
673 633 784 724 plane
818 634 1017 729 fugerunt,
1042 632 1187 723 aliquos
1226 633 1329 704 inv'e-

182 753 300 840 nias3·
319 749 431 846 porro
467 751 688 842 nonnullos,
728 753 791 844 qui
823 752 956 848 pingui
989 751 1162 820 Minerva
1188 769 1328 825 statum

182 873 356 966 vicesque
382 873 744 966 rerumpublicarum
773 889 810 943 et
835 893 959 940 mores
985 893 1208 968 magnorum
1237 875 1332 946 viro-

138 1033 140 1040 ·
181 1015 267 1062 rum
294 993 534 1084 delinearint,
556 1009 621 1062 aut
645 993 728 1063 rudi
751 993 838 1061 stilo
859 993 1071 1060 libertatern
1098 1007 1209 1084 atque
1228 995 1329 1089 prin-

183 1112 347 1206 cipatum
374 1114 644 1208 percurrerint:
668 1114 733 1182 sed
756 1113 821 1205 qui
846 1113 952 1182 nullo
971 1113 1184 1183 discrimine
1207 1116 1331 1213 gravia

182 1233 366 1327 ridiculis,
392 1236 515 1305 inania
541 1233 776 1324 necessariis,
815 1235 953 1303 absona
978 1235 1174 1326 praeclaris
1201 1236 1333 1306 adiun-

181 1355 307 1425 xeriut
321 1369 358 1425 et
383 1356 575 1426 contrariis
594 1357 778 1425 frontibus
796 1354 1027 1423 incredibilia
1046 1355 1201 1424 siverint
1218 1355 1328 1448 coire,

146 1470 153 1492 ‘
181 1489 226 1543 ut
248 1491 448 1570 praecepta
471 1477 680 1574 logicorum
701 1477 761 1544 vel
784 1497 937 1544 sensum
957 1495 1197 1548 communem
1221 1477 1330 1546 citius

184 1617 298 1687 quam
324 1621 456 1667 vanam
484 1598 739 1668 curiositatem
766 1619 809 1665 ac
835 1594 1067 1692 diligentiam
1102 1598 1141 1665 iu
1175 1599 1329 1670 minutis

182 1715 721 1812 religiosissime'exultantem
761 1716 970 1807 desideres,
1002 1719 1137 1788 frustra
1174 1718 1329 1790 circum·
1365 1773 1371 1784 ,

182 1836 384 1928 speximus.
438 1841 489 1908 Ut
514 1839 559 1909 de
592 1840 722 1908 multis
741 1863 825 1909 ¹uno
862 1840 1111 1935 defitngamur
1147 1855 1185 1908 et
1210 1841 1328 1910 altero

181 1957 408 2050 specimine,
448 1960 535 2028 satis
574 1975 629 2029 est
655 1961 750 2028 hauc
780 1961 964 2055 Spartiani
990 1971 1131 2031 struem
1163 1976 1328 2032 oontem-

177 2078 292 2170 ¹plari,
318 2079 430 2149 Hadr.
459 2084 515 2150 21.

278 2239 382 2309 Inter
410 2239 511 2308 cibos
538 2241 648 2309 unice
676 2243 813 2310 amavit
838 2243 1200 2335 tetrapharmacum,
1227 2245 1327 2337 quod

281 2372 359 2424 erat
398 2361 443 2428 de
483 2361 645 2451 fasiano,
691 2363 860 2451 sumine,
907 2387 1022 2455 perna
1066 2379 1102 2432 et
1150 2367 1326 2437 crustulo.

279 2475 444 2549 Fuerunt
471 2482 549 2550 eius
579 2483 808 2576 temporibus
835 2483 970 2575 fames,
997 2483 1227 2578 pestilentia,
1255 2501 1328 2557 ter-

279 2619 487 2691 raemotus,
522 2628 616 2695 quae
641 2605 765 2674 omnia
787 2594 981 2697 'quantum
1010 2605 1132 2696 potuit
1155 2630 1328 2700 procura-

191 2799 192 2804 ,
281 2721 352 2812 vit,
379 2723 581 2816 multisque
620 2723 827 2792 civitatibus
854 2725 1000 2794 vastatis
1039 2749 1106 2818 per
1139 2725 1208 2794 ista
1243 2731 1328 2816 sub-

280 2845 390 2912 venit.
456 2845 542 2913 Fuit
578 2845 690 2913 etiam
723 2844 870 2914 Tiberis
909 2841 1114 2914 inundatio.
1175 2847 1326 2919 Latium

280 2963 648 3034 multis‘civitatibus
685 2963 803 3055 dedit,
840 2967 978 3034 tributa
1014 2967 1143 3034 multis
1171 2969 1326 3038 remisit.

279 3081 545 3176 Expeditiones
596 3087 665 3154 sub
719 3109 763 3152 eo
805 3109 934 3183 graves
984 3087 1111 3155 nullae
1161 3087 1325 3180 suerunt,

279 3204 378 3274 bella
404 3206 515 3274 etiam
543 3207 691 3275 silentio
716 3229 836 3298 paene
861 3221 1052 3276 transacta.
1164 3186 1167 3193 ⁵
1315 3191 1318 3201 ⁴

179 3369 253 3436 Aut
278 3370 447 3466 lepidum
475 3354 560 3438 eius-
582 3393 741 3438 acumen
766 3369 807 3437 in
832 3369 914 3437 Sev.
945 3370 999 3436 le.
1033 3451 1036 3459 .

279 3528 542 3626 Philosophiae
584 3555 625 3600 ac
672 3532 819 3604 dicendi
857 3532 986 3604 studiis
1032 3537 1120 3604 satis
1165 3536 1323 3634 deditus,
1425 3581 1429 3588 ·

176 3717 180 3725 ,
277 3649 470 3752 doctrinae
496 3675 648 3744 quoque
681 3653 793 3724 nimis
822 3655 991 3748 cupidus,
1018 3656 1211 3726 latronum
1245 3663 1323 3730 ubi·

278 3771 517 3864 paulianis,
557 3774 668 3845 vitani
711 3798 816 3844 suam
854 3775 1034 3868 privatam
1062 3777 1323 3873 publioamque

210 3953 213 3960 .
278 3894 361 3985 ipse
384 3871 676 3990 courposuitad
709 3894 851 3985 lidum,
879 3894 1002 3968 solum
1037 3909 1163 3970 tamen
1189 3899 1323 3972 vitium

279 4012 507 4090 crudelitatis
535 4035 726 4088 excusans.

177 4153 327 4227 Dixeris
353 4154 517 4228 lacirrora
545 4158 744 4229 Caesarum
772 4147 903 4229 eadem
930 4183 1003 4252 qua
1027 4163 1188 4236 vixerint
1213 4163 1324 4236 liber·
