3140 5014
726 323 771 404 tt

171 507 306 582 criticis
324 551 327 559 ,
346 519 480 578 autem
524 517 677 602 campos
717 504 891 598 aperiunt
939 507 1243 599 patentissimamv
1278 509 1321 578 in
1377 508 1383 516 ’

173 629 308 720 quibus
346 627 547 698 decurrant
574 640 621 724 et,
641 627 858 708 facultatem
884 649 955 694 usu
981 627 1081 696 vario
1110 627 1321 698 corrobora*

172 766 252 822 tam
280 763 488 822 exerceant.
516 749 595 817 Iam
623 742 877 843 quis‘ignorat
899 747 966 815 ista
989 747 1148 816 vitarum
1177 771 1322 816 enarras

173 873 279 942 tione
293 869 493 942 ‘historicis
517 867 676 938 labentis
708 864 856 958 imperii
879 867 1023 938 fontem
1047 891 1150 938 nuno
1173 868 1323 938 utilissi*

174 1001 281 1062 mum
296 999 398 1062 nund
425 990 579 1059 unioum
607 1001 646 1056 et
666 988 777 1080 piane
802 988 1055 1058 necessarium
1084 1011 1162 1058 esse
1189 1011 1324 1082 propo-

176 1112 316 1184 situm?
344 1111 409 1206 qui
428 1110 506 1180 'nisi
531 1122 680 1202 praesto
703 1108 811 1197 foret,
838 1131 951 1201 saepe
972 1129 1041 1178 nos
1065 1124 1236 1180 auctores
1251 1108 1323 1178 clav

177 1232 318 1304 ristiini
342 1230 611 1320 destituerent,
638 1253 681 1298 ac
706 1242 754 1298 ne
780 1251 847 1322 per
871 1228 1002 1301 Dionis
1030 1228 1182 1321 quidem
1209 1227 1324 1298 libros

177 1347 347 1445 quamvis
377 1349 622 1444 copiosissimi
647 1364 861 1442 temporum
885 1349 1040 1420 illorum
1069 1349 1175 1419 testis
1212 1348 1325 1438 (inter

179 1473 345 1544 Dionem
369 1493 460 1540 vero
486 1483 523 1540 et
543 1469 728 1540 Historiae
754 1472 944 1566 Augustas
964 1480 1142 1562 'auctores
1170 1467 1325 1560 quidin-

178 1593 285 1660 tersit
311 1605 418 1661 acute
444 1590 559 1688 digito
587 1590 978 1663 monstratGibbonus
1006 1615 1084 1684 cap.
1112 1593 1145 1660 t.
1163 1590 1323 1679 notet.)

181 1726 226 1783 et·
255 1713 535 1804 Herodianum,
569 1712 634 1804 qui
669 1711 855 1782 modicam
883 1725 1029 1804 partem
1065 1711 1200 1782 diserte
1220 1734 1325 1804 pera-

179 1833 320 1928 gravit,
345 1835 432 1905 satis
459 1857 585 1906 causas
617 1831 839 1914 reconditas,
864 1833 1075 1902 voluntates
1101 1829 1325 1925 principum,

146 1931 148 1941 Ι
182 1965 319 2022 statum
345 1976 470 2024 rerum
499 1954 663 2024 civilium
692 1966 730 2020 et
754 1952 994 2050 negotiorum
1010 1953 1246 2048 publicorum
1272 1978 1324 2024 as-

179 2095 436 2166 sequeremur.
468 2075 598 2168 Itaque
629 2049 930 2165 Gt'bbonus'ille,
958 2097 1032 2164 quo
1058 2098 1170 2158 nemo
1197 2075 1324 2151 esitius

180 2209 244 2264 aut
261 2195 403 2267 maiore
419 2217 504 2266 curn
524 2195 647 2266 {ructu
675 2196 814 2264 molem
841 2193 950 2264 istam
978 2196 1218 2294 omnigenam
1243 2220 1325 2290 per-

181 2313 380 2406 ,volutavin
401 2315 531 2385 callida
547 2339 675 2387 rerum
701 2315 869 2387 sutilium
894 2315 1203 2409 interpretatione
1230 2319 1326 2389 mul-

180 2448 217 2504 ta
249 2437 375 2528 potuit
410 2435 587 2530 expedire
622 2437 683 2504 vel
715 2432 946 2528 probabilem
977 2435 1018 2506 in
1043 2438 1214 2511 ordinem
1241 2464 1326 2512 cone

183 2557 343 2628 sinuare.
388 2557 503 2627 Porro
536 2557 740 2651 iurisperiti
766 2538 855 2626 huic
882 2555 1038 2648 horreo,
1066 2559 1166 2650 quod
1190 2559 1328 2658 insigni

182 2677 392 2747 tabularum
417 2693 454 2746 et
480 2677 721 2770 epistolarum
749 2677 820 2748 fide
844 2677 1035 2744 munitum
1063 2693 1129 2769 est,
1155 2680 1327 2757 notitiam
1441 2761 1450 2772 ,

183 2797 321 2868 debent
342 2813 380 2866 et
408 2799 571 2869 virorum
595 2797 978 2886 consultissimum,
1004 2798 1138 2888 quibus
1164 2799 1327 2894 Impera·

181 2932 281 2997 tores
314 2934 395 2991 tum
437 2919 668 3016 gravissimas
706 2942 764 2991 res
800 2917 1033 2989 committere
1068 2918 1257 3011 solebant,
1289 2936 1328 2992 et

179 3039 489 3132 iurisdictionem,
506 3042 730 3113 mutationes
744 3054 870 3110 autern
883 3039 924 3107 in
933 3037 1231 3113 administrandis
1245 3065 1327 3112 mu·

181 3159 334 3232 neribus
374 3160 509 3253 iactas,
549 3161 833 3233 constitutiones
858 3161 1115 3264 Augustorum
1152 3176 1189 3234 et
1207 3142 1325 3260 degas

184 3279 361 3373 opinione
383 3284 509 3373 plures
536 3281 624 3374 iude
652 3282 828 3378 colligere
854 3296 1071 3375 potuerunt.
1099 3283 1198 3375 Quas
1226 3284 1325 3359 utili·

183 3415 276 3473 tates
300 3406 508 3497 generatim
528 3404 751 3474 Messenius
776 3403 953 3476 Oratione
981 3402 1026 3472 de
1054 3426 1124 3478 usu
1160 3417 1198 3474 et
1221 3428 1327 3498 prae-

181 3523 318 3594 stantia
350 3521 534 3592 Historiae
568 3527 758 3622 Augustae
783 3524 822 3593 in
855 3526 940 3606 iure.
963 3523 1080 3614 civili,
1106 3523 1262 3620 singulis
1289 3541 1327 3604 et
1393 3595 1396 3603 ,

182 3641 376 3736 exquisitis
420 3646 600 3739 exemplis
637 3671 759 3739 nuper
798 3646 1028 3720 Dirlssauius
1061 3643 1323 3725 ostenderunt

121 3813 133 3822 -
178 3768 275 3858 Quo,
315 3765 440 3837 minus
473 3767 693 3839 mirabimur
736 3766 1037 3865 diligentissimos
1070 3762 1174 3837 ,turis
1199 3765 1325 3838 .civilis

183 3885 411 3984 magistros„
436 3889 516 3963 siue
550 3888 655 3958 vitas
675 3891 859 3970 nobilium
894 3888 1069 3959 IOtorum
1103 3887 1328 3978 describant„

185 4033 252 4081 seu
282 4008 492 4082 vdoctrinam
522 4010 691 4083 condunt
715 4013 777 4080 vel
808 4010 1051 4104 quaestiones
1079 4010 1246 4110 forenses
1274 4006 1326 4076 di-

179 4139 410 4223 sceptarunt,
435 4133 575 4209 multos
593 4133 633 4206 in
656 4132 819 4207 terendis
833 4131 1018 4207 Historiae
1029 4133 1224 4226 'Augustae
1243 4149 1328 4210 mor

183 4249 375 4327 sumentis
409 4251 545 4344 fuisse3
578 4277 620 4326 ae
643 4255 673 4326 si
701 4273 829 4358 ¹verum
857 4256 1038 4344 fatemur,
1072 4248 1257 4323 ab'nullis
1281 4273 1326 4323 ea
