3140 5014
171 548 442 620 obsonatorum
458 547 632 644 fraudes
660 572 743 618 cum
768 549 947 641 plurimis
971 546 1066 642 (scil.
1093 549 1245 638 vicibus,
1273 549 1309 616 h.

172 693 203 738 e.
228 684 270 738 ut
293 669 511 761 plurimum,
537 671 773 764 plerumque,
801 692 911 762 quam
929 669 967 738 in
992 693 1072 739 rem
1097 671 1195 738 male
1213 693 1312 738 com-

169 805 274 882 parat
301 814 329 859 c.
357 791 435 886 20.)
477 815 622 864 summa
658 793 790 862 tabula
824 806 1017 882 pasceret,
1046 789 1206 884 fercula
1244 796 1311 862 etc.

170 909 308 982 Saltem
337 913 391 980 vir
417 912 673 1008 sagacissimus
691 913 857 980 animum
885 911 1092 980 adverterat
1118 913 1207 1004 quid
1232 935 1313 980 sen·

169 1033 287 1100 tentia
313 1048 503 1126 posceret,
531 1057 599 1104 nec
626 1035 723 1130 sugit
748 1059 837 1104 eum
863 1034 1112 1102 summatibus
1136 1034 1313 1102 vitiosum

171 1175 251 1223 esse
276 1176 431 1243 nornen,
459 1155 560 1246 quod
577 1169 726 1247 praeter
752 1157 983 1225 affectatores
1004 1155 1185 1226 sermonis
1204 1153 1314 1246 prisci

170 1295 284 1343 nemo
313 1277 484 1368 captavit.
538 1277 618 1346 lam
645 1299 791 1346 mensas
818 1277 957 1344 mensis
983 1276 1145 1344 invicem
1173 1273 1313 1370 opponi

171 1415 256 1462 curn
282 1396 556 1492 intelligamus,
594 1399 719 1466 sensui
746 1398 859 1468 facilis
889 1413 926 1466 et
953 1412 1052 1466 certa
1078 1399 1236 1466 mutatio
1263 1397 1314 1465 sic

171 1515 376 1606 subveniet,
403 1530 445 1584 ut
467 1539 597 1588 vocem
625 1543 702 1588 non
728 1519 850 1588 tritam
882 1543 926 1588 ex
952 1520 1102 1590 latebris
1130 1543 1314 1588 eruamus.

172 1635 368 1706 Nimirum·
386 1637 599 1730 Spartianus
626 1655 820 1734 posuerat:
850 1665 933 1710 cum
957 1643 1137 1732 plurimis
1172 1643 1314 1729 sigma³
1407 1729 1408 1732 Ἴ

170 1757 272 1826 tibus
293 1774 490 1848 pasceret,·
518 1761 618 1851 quod
646 1785 714 1830 nos
738 1762 924 1852 solemus,
960 1787 1141 1832 manner
1166 1787 1218 1832 un
1241 1763 1315 1831 via·
1376 1747 1379 1752 ¹

31 1859 37 1870 ¹
135 1949 138 1957 ,
171 1879 229 1946 lan
258 1879 293 1946 T
290 1879 418 1948 iscban
457 1879 569 1972 Tufel
603 1881 702 1950 bielt.
757 1861 897 1950 Sirnma
930 1883 1069 1975 pariter
1110 1909 1155 1952 ex
1189 1885 1314 1973 sigmu

171 1998 423 2090 depravatum,
452 2003 556 2070 cuius
582 2003 638 2070 rei
656 2025 803 2070 causam
829 2003 874 2070 ab
892 2003 1163 2074 assimilationis
1190 2005 1313 2075 studio

169 2120 375 2212 repetimus
399 2122 556 2192 saeculis
585 2123 815 2192 citerioribus
843 2139 948 2193 sueto
978 2126 1024 2214 (v.
1053 2127 1151 2196 Dt'ez
1180 2128 1315 2196 Gram-

140 2217 289 2310 ἰηιιῐίΙε
324 2243 393 2312 der
418 2246 578 2318 Roman
608 2245 811 2335 ¹Sprctcben
845 2246 871 2314 Ι.
899 2271 934 2338 p.
973 2245 1087 2334 tta),
1133 2248 1314 2339 exemplis

170 2363 309 2432 muniit
338 2363 418 2455 ipse
444 2363 642 2434 Salmasius
677 2365 719 2435 iu
751 2365 956 2458 Lampridii
985 2368 1132 2464 Heliog.
1161 2371 1219 2438 25.
1270 2369 1315 2438 In
1360 2417 1363 2425 ,

172 2484 290 2577 epulis
309 2499 445 2560 autem
473 2486 627 2583 sigmuta
654 2486 731 2556 sive
760 2509 906 2556 mensas
940 2487 1211 2558 semirotundas
1245 2490 1314 2560 sub

169 2605 460 2697 Imperatoribus
501 2607 681 2678 adhibitas
722 2623 759 2676 et
802 2608 1073 2678 cousuetudine
1112 2611 1314 2682 celebratas

171 2725 286 2795 luisse
311 2747 426 2797 uerno
455 2727 594 2817 nescit,
636 2727 701 2818 qui
737 2742 800 2796 aut
826 2728 1040 2798 Martialem
1074 2730 1218 2800 triverit
1250 2748 1315 2802 aut

170 2847 369 2939 scriptores
398 2844 444 2917 de
472 2848 648 2916 conviviis
676 2861 714 2916 et
740 2848 1020 2940 antiquitatibus
1054 2851 1313 2924 convivalibus.

173 2955 265 3036 Vide
292 2983 430 3058 tamen,
459 2969 490 3036 si
517 2970 648 3062 placet,
672 2967 898 3040 Savaronem
922 2969 963 3038 in
984 2969 1124 3043 Sidonii
1149 2973 1241 3065 Epp.
1266 2973 1313 3064 Il,

171 3094 205 3158 2.
230 3115 265 3186 p.
292 3093 377 3161 ,toa
426 3090 634 3160 Hadrianus
661 3089 792 3186 igitur,
821 3091 967 3182 quoties
993 3092 1031 3160 in
1058 3093 1183 3184 plures
1210 3117 1314 3164 men·

170 3233 228 3280 sas
257 3210 501 3296 distribuebat
528 3211 698 3280 convivas
728 3236 933 3302 earumque
960 3235 1140 3280 numerus
1169 3229 1205 3284 et
1232 3216 1314 3286 lon·

170 3333 357 3428 ginquitas
373 3331 551 3404 ministris
571 3311 744 3402 fraudum
763 3333 964 3426 praebebat
983 3335 1313 3426 opportunitatem,

170 3451 359 3520 tutissimo
386 3471 475 3522 usus
504 3467 559 3522 est
585 3454 751 3524 remedio
781 3469 818 3522 et
842 3454 1025 3522 civilitatis
1049 3453 1174 3546 pleno,
1199 3468 1242 3522 ut
1268 3456 1313 3524 ab

172 3572 350 3646 extremis
376 3572 511 3642 tabulis
546 3572 646 3642 cibos
682 3573 768 3645 viris
801 3573 987 3644 inferioris
1014 3573 1088 3642 loci
1113 3574 1313 3644 destinatos

170 3695 240 3764 sibi
263 3695 411 3766 iuberet
438 3693 586 3786 apponi.
639 3694 837 3784 Ceterum,
866 3695 1042 3785 quoniam
1064 3695 1313 3788 grammaticis

175 3815 308 3913 religio
336 3829 393 3888 est
422 3815 620 3906 quicquam
649 3815 912 3888 observationis
943 3815 1082 3906 probae
1117 3813 1315 3904 aspernari,

154 3931 344 4006 'notamus
373 3937 485 4008 etiam
513 3935 725 4030 pleniorem
752 3935 865 4004 dativi
891 3935 1048 4004 formam
1075 3932 1314 4024 sigmatibus,

172 4082 285 4152 quam
299 4059 411 4154 paulo
429 4059 607 4128 rariorem
626 4057 741 4126 fuisse
758 4057 895 4126 docent
913 4054 1083 4149 exempla
1097 4051 1314 4122 Schneideri

173 4181 339 4251 Gramm.
366 4179 445 4248 Lat.
472 4205 508 4272 p.
538 4180 621 4250 268.
671 4177 739 4248 His
757 4176 871 4275 igitur
888 4174 1038 4246 accedat
1055 4175 1314 4264 cataplasma-

173 4302 293 4396 tibus,
320 4313 507 4371 setvatum
533 4298 627 4371 illud
654 4298 756 4371 libris
782 4295 959 4395 Appuleii
982 4296 1075 4366 Met.
1102 4295 1145 4366 V.
1163 4317 1199 4392 p.
1228 4297 1310 4372 339.
