3140 5014
213 462 319 552 'silva
353 476 530 552 historiae
571 476 784 568 miscellae,
829 499 940 568 quam
984 475 1135 570 opifices
1181 473 1226 542 de
1266 475 1395 568 plebe

229 600 499 693 qualiscunque
526 598 602 694 sive
628 596 716 664 artis
743 620 811 665 seu
845 596 988 667 consilii
1014 597 1201 676 immunes
1245 619 1290 662 ex
1318 618 1378 664 co-

226 720 297 812 piis
323 717 483 814 publicis
511 717 762 812 privatimque
799 730 1017 814 congestam
1058 716 1103 784 ad
1129 717 1376 810 Imperatores

227 839 512 910 Diocletianum
553 851 590 906 et
617 837 905 906 Constantinum
938 838 1132 910 miserunt.
1199 838 1280 905 Nec
1314 837 1378 906 diu
1445 905 1448 910 ,

227 960 301 1029 luit
326 982 414 1029 cum
439 959 611 1028 homines
637 957 828 1027 brevitatis
863 955 1018 1026 studiosi
1057 957 1244 1026 delectum
1272 958 1378 1026 libel-

228 1080 355 1150 lorum
383 1092 421 1148 et
447 1078 672 1174 compendia
696 1077 918 1148 narrationis
954 1077 1006 1146 sic
1031 1077 1295 1168 instituerunt,
1335 1092 1379 1146 ut

231 1213 270 1268 et
295 1212 465 1268 auctores
484 1198 619 1268 diversi
644 1198 963 1268 confunderentur
990 1212 1027 1267 et
1051 1197 1232 1292 particula
1250 1221 1377 1266 rerum

229 1335 420 1418 gestarum
463 1319 564 1390 haud
608 1318 826 1408 mediocriS,
874 1341 968 1410 quae
1010 1317 1109 1387 inter
1144 1317 1379 1388 Gordianum

229 1440 385 1510 tertium
412 1454 451 1509 et
477 1438 668 1510 Gallienos
695 1439 890 1508 interiecta
918 1441 1063 1528 suerat,
1092 1439 1203 1532 plane
1229 1437 1378 1531 periret.

231 1560 402 1631 Tandem
428 1559 508 1630 istis
536 1561 714 1630 successit
736 1575 774 1630 et
798 1559 1039 1628 novissimam
1075 1557 1268 1627 annalibus
1303 1583 1379 1628 ma·
1438 1569 1446 1578 '
1549 1543 1550 1560 ¹

230 1705 324 1751 num
348 1680 534 1772 admovit,
563 1680 628 1772 qui
657 1680 817 1750 maiores
845 1680 1004 1774 sumpsit
1027 1677 1197 1772 spiritus,
1222 1680 1380 1750 Flavius

234 1803 440 1894 Vopiscus,
479 1801 536 1870 vir
566 1801 710 1870 sobrius
746 1817 783 1872 et
815 1802 857 1871 in
896 1799 1077 1898 exigenda
1110 1801 1266 1870 materia
1301 1800 1379 1868 dili-

113 1939 116 1952 *
232 1936 364 2020 genter
398 1930 574 1992 versatus.
623 1922 658 1990 Is
697 1923 813 1992 telani
845 1947 866 1991 a
893 1921 1083 1990 Trebellio
1119 1920 1291 1990 Pollione
1327 1920 1381 1988 in-

235 2043 404 2112 choatam
431 2059 629 2136 pertexere
665 2044 806 2136 coepit,
842 2065 1004 2133 cumque
1043 2041 1177 2110 litteris
1215 2041 1382 2110 Aurelia·-

232 2186 327 2234 num
355 2163 591 2253 mandasset,
627 2160 712 2233 vitis
738 2162 986 2258 singularibus
1022 2183 1112 2254 quas
1145 2161 1271 2232 amicis
1306 2161 1381 2230 suis

238 2282 442 2354 destinarat
469 2282 640 2355 ordinem
665 2284 922 2378 Augustorum
958 2307 1077 2376 usque
1114 2283 1160 2352 ad
1183 2281 1385 2352 Diocletia-

148 2445 155 2458 ι
233 2427 326 2475 num
351 2402 516 2487 deduscit.
578 2403 694 2476 Paulo
722 2417 820 2496 post
847 2417 995 2472 exortus
1037 2419 1093 2472 est
1127 2404 1191 2492 qui
1225 2401 1382 2494 pusillos

237 2523 437 2594 Caesarum
481 2537 729 2616 enarratores,
777 2521 960 2592 brevitate
1007 2521 1078 2590 sibi
1118 2543 1208 2614 prae
1250 2523 1382 2590 ceteris
1449 2515 1453 2518 ’
1549 2557 1550 2586 t

237 2644 537 2734 commendatos,
564 2665 685 2714 unum
709 2643 750 2712 in
776 2641 957 2713 volumen
983 2657 1151 2738 cogeret,
1179 2643 1279 2734 quod
1305 2643 1384 2735 ple-

235 2762 343 2854 rique
369 2761 513 2836 codices
531 2765 721 2861 integrum
742 2776 1014 2860 propagarunt,
1036 2763 1147 2856 pauci
1167 2764 1206 2834 in
1225 2763 1385 2861 digesto·

238 2907 325 2975 rum
351 2885 462 2958 flores
490 2885 758 2965 distraxerunt,
794 2884 898 2952 velut
925 2905 1019 2974 quae
1058 2884 1148 2954 olirn
1176 2885 1229 2956 in⁴
1249 2883 1385 2954 Biblio-

235 3005 346 3076 theca
371 3006 537 3076 Palatina
574 3018 724 3098 reperta
757 3018 844 3072 sunt
870 3003 1062 3098 Excerpta.
1126 3005 1206 3074 Iam
1238 3006 1278 3076 in
1312 3029 1385 3090 sar7

238 3125 331 3196 cinis
359 3125 636 3220 comportandis
663 3124 754 3218 quid
771 3123 873 3198 illius
903 3125 1095 3197 arbitrium
1124 3127 1260 3220 quidve
1282 3151 1385 3198 casus

237 3247 416 3337 valuerit,
441 3248 599 3345 longum
627 3261 683 3315 est
709 3261 746 3316 et
772 3249 973 3319 molestum
1003 3250 1218 3341 exquirere5
1247 3249 1386 3323 etenim

237 3365 334 3462 ipsas
361 3367 629 3439 distributionis
656 3368 818 3438 rationes
846 3391 956 3466 aegre
981 3370 1194 3464 perspicere
1219 3369 1325 3459 licet,
1356 3370 1388 3440 si

240 3489 393 3580 quidem
424 3489 631 3586 plurimum
658 3489 768 3584 spatii
795 3489 890 3560 lulio
918 3489 1128 3584 Capitolino
1157 3513 1388 3581 concessum,

239 3610 279 3680 in
324 3610 572 3710 singularibus
614 3625 742 3694 autem
786 3610 869 3682 vitis
916 3613 1112 3690 auctorita-s
1152 3627 1189 3684 et
1228 3612 1389 3685 Vulcatii

241 3727 427 3802 Gallicani
464 3746 503 3802 et
535 3731 714 3805 Trebellii
749 3731 928 3804 Pollionis
964 3736 1145 3806 sulficere.
1168 3734 1265 3824 visa,
1301 3758 1388 3814 nam

240 3849 286 3920 ad
326 3851 428 3924 bunc
465 3855 567 3924 solus
603 3855 722 3926 Divus
748 3854 945 3932 'Claudius
985 3856 1098 3927 debet
1143 3856 1322 3927 revocari.
1359 3860 1388 3944 ²)

235 4029 590 4048 *mn-u

312 4151 337 4225 ¹)
369 4153 420 4211 bia
449 4141 620 4229 multamque
653 4155 804 4214 dubitatum
833 4163 876 4213 est
909 4155 942 4213 de
973 4149 1088 4230 singulis
1120 4155 1315 4231 scriptorius,
1345 4150 1392 4244 qn

184 4273 194 4299 .·
248 4245 388 4322 syribolas
408 4252 442 4311 ad
462 4268 566 4330 corpus
586 4254 884 4330 antonomasiae
905 4253 1088 4324 coaluerint,
1116 4253 1207 4332 neque
1231 4254 1265 4314 de
1292 4253 1392 4313 fidibus
