3140 5014
179 475 251 546 Sed
278 474 378 570 quod
403 475 551 572 gravius
578 487 634 544 est
662 487 698 543 et
726 489 826 544 extra
847 473 1116 546 dubitationem
1142 475 1319 568 positum,

179 599 242 683 illa
257 597 388 690 silium
410 595 696 676 meuanerutn
733 611 773 664 ut
798 611 864 664 atrt
888 595 927 666 iu
963 595 1078 688 ipsius
1105 596 1195 666 Veri
1221 620 1321 670 cotn-

68 739 70 748 ’
178 719 383 814 pellatione
412 732 476 796 aut
503 717 744 786 familiaribus
777 716 818 786 iu
850 716 982 788 litteris
1017 741 1166 787 sensum
1194 719 1322 802 carita-

179 841 226 910 tis
253 840 392 934 spirare
421 855 559 930 queant
587 853 623 906 et
647 839 756 928 tueri,
782 838 930 930 publica
950 852 1077 908 tamen
1099 839 1140 908 in
1166 839 1320 932 epistola

21 957 30 970 ’
123 1007 128 1012 -
180 962 380 1058 diligenter.
407 974 446 1028 et
470 959 620 1053 proprio
647 959 853 1056 significatu
879 959 923 1028 de
939 961 1037 1028 Vera
1065 961 1322 1060 peradoptim

178 1106 268 1152 nem
297 1084 451 1152 Caesare
480 1081 618 1150 debent
643 1080 770 1174 accipi.
823 1080 1004 1150 Omnibus
1031 1080 1144 1178 igitur
1162 1107 1320 1176 perpen-

178 1205 226 1275 sis
254 1205 340 1296 satis
367 1217 529 1292 constat,
562 1203 819 1273 difficultatem
844 1201 918 1270 nisi
942 1216 1088 1275 remoto
1116 1218 1179 1272 aut
1208 1205 1319 1296 expli-

180 1341 259 1421 cato
287 1326 375 1395 Veri
399 1323 555 1392 nomine
583 1323 766 1392 sublevari
793 1347 870 1392 non
906 1348 1026 1416 posse.
1078 1324 1191 1415 Atqui
1227 1325 1321 1396 nihil

179 1447 382 1544 excogitari
407 1445 505 1536 licet,
533 1445 633 1536 quod
661 1442 780 1512 verbis
807 1424 1086 1537 corruptionem
1113 1462 1242 1542 arguat
1267 1448 1322 1519 in-

178 1593 268 1638 esse.
322 1567 575 1662 Quamobrem
603 1589 676 1635 una
704 1564 950 1658 relinquitur,
993 1589 1087 1656 quae
1126 1567 1318 1670 plerisque,

176 1705 324 1786 praeter
351 1687 646 1782 expectationum
674 1687 827 1777 accidet,
856 1699 893 1754 et
909 1685 1098 1757 lenissima
1117 1689 1221 1780 ratio,
1244 1713 1322 1760 non

178 1827 219 1880 ut
244 1811 289 1880 de
316 1812 414 1878 Vero
445 1811 620 1900 Caesare,
660 1810 725 1880 sed
760 1810 805 1878 de
832 1811 971 1880 Marco
997 1811 1191 1881 Antonino
1225 1813 1351 1908 cogi-n

176 1947 462 2022 temus,.q.uem
492 1945 529 1998 et
554 1919 833 2003 adolescentem
868 1930 1009 1998 dictum
1041 1931 1153 2001 fuisse
1185 1936 1322 2002 Varum

176 2053 254 2122 sive
283 2035 531 2122 Verissimum
554 2047 621 2147 (cf.
647 2052 800 2123 Eusebii
825 2053 882 2140 H„
898 2052 937 2120 E.
968 2051 1030 2142 IV,
1059 2053 1114 2122 14.
1147 2067 1237 2122 extr,
1264 2055 1320 2146 V.,
1399 2132 1402 2136 ,

179 2173 247 2262 l.),
273 2172 377 2242 etin
403 2175 546 2270 gremio
575 2175 779 2267 Hadriani,
811 2175 875 2268 qui
899 2197 1061 2267 puerum
1086 2173 1241 2244 mirifice
1266 2176 1321 2246 di-

176 2293 269 2364 lexit
310 2289 492 2386 suamque
528 2295 568 2364 in
603 2297 783 2366 farniliam
819 2296 1038 2388 assumpsit,
1084 2311 1322 2387 peramanter

177 2415 377 2488 educatum
406 2428 567 2486 constat:
597 2440 626 2484 v.
659 2414 953 2514 Capitolinusin
982 2415 1055 2484 vita
1083 2417 1203 2486 Marci
1231 2442 1259 2486 c.
1287 2421 1320 2490 4.

174 2539 227 2608 Ac
261 2539 351 2606 scite
378 2551 577 2611 monuerat
613 2539 658 2608 H.
694 2524 864 2608 Valesius
897 2537 936 2607 in
963 2537 1097 2606 Ammi.
1150 2539 1319 2618 Marcell.

176 2659 339 2738 XXVII,
371 2662 403 2726 6.
446 2671 536 2727 extr.
581 2680 667 2729 eum
703 2657 768 2748 qui
801 2659 919 2727 Verus
953 2659 1063 2754 vulgo
1101 2659 1263 2751 dicatur,
1300 2687 1321 2730 a

177 2779 327 2858 Graecis
339 2779 521 2866 Lucium,
549 2792 673 2847 contra
693 2779 757 2870 qui
772 2779 935 2869 Marcus,
959 2781 1100 2851 Verum
1120 2783 1319 2874 appellari,
1377 2764 1378 2767 Ἴ

178 2901 281 2976 ouius
322 2900 574 2971 observationi
611 2899 788 2996 adiungas
824 2900 1044 2968 Salmasiurn
1078 2901 1117 2970 in
1144 2903 1263 2974 Marci
1290 2927 1319 2972 c.

51 2999 89 3079 Ἀ
175 3027 207 3094 7.
234 3049 269 3118 p.
298 3026 380 3094 sn.

274 3144 483 3216 Hadrianus
511 3169 598 3214 vero
626 3144 800 3236 princeps
834 3143 972 3212 iterum
998 3167 1064 3212 nos
1094 3144 1139 3212 ad
1163 3146 1319 3238 Spartia-

175 3292 266 3339 num
304 3282 464 3342 revocat.
523 3269 672 3336 Etenim
709 3267 747 3334 in
785 3265 842 3334 his
880 3265 1043 3336 fortuitis
1079 3267 1213 3336 libellis
1249 3294 1320 3340 usu

177 3388 289 3476 verrit,
316 3400 359 3454 ut
382 3389 476 3459 aliae
500 3413 544 3456 ex
564 3389 647 3456 aliis
664 3377 943 3480 quaestionibus
963 3403 1134 3481 serantur
1150 3411 1192 3456 ac
1218 3390 1319 3458 festi-

175 3508 281 3580 nanti
297 3530 441 3577 moram
461 3507 646 3599 obiiciant,
673 3506 891 3599 praesertim
907 3505 946 3574 in
969 3532 1010 3576 ea
1028 3510 1196 3598 materia,
1223 3535 1318 3602 quae
1406 3554 1410 3560 -
1497 3515 1501 3526 '

173 3631 338 3702 iunctam
374 3629 492 3698 critici
529 3641 565 3698 et
598 3629 812 3722 interpretis
844 3652 956 3722 opem
984 3628 1095 3696 toties
1128 3631 1316 3728 efflagitet.

175 3751 388 3848 Spartianus
412 3750 478 3819 ubi
503 3750 619 3820 vitam
640 3749 817 3820 Hadriani
840 3750 1019 3843 privatam
1044 3750 1200 3848 singulis
1220 3754 1316 3848 capi·

173 3875 273 3944 tibus
299 3875 477 3964 illustrat,
503 3871 596 3942 haec
622 3871 846 3948 memoravit
872 3894 901 3939 c.
933 3869 988 3942 17.
1022 3921 1025 3929 ,

305 3997 372 4064 ¹Ab
405 4001 674 4084 deprebendendas
709 3998 933 4065 obsonatorum
966 4000 1095 4084 fraudes
1123 4021 1316 4086 quomrum

322 4121 465 4202 plurimis
491 4104 706 4190 summatibus
718 4127 876 4204 pasceret,
899 4122 1020 4205 serrula
1045 4124 1081 4190 de
1106 4124 1176 4190 attis
1200 4125 1315 4193 uenus

255 4335 260 4343 .
323 4243 417 4308 etium
437 4245 553 4310 ultimis
578 4246 745 4331 quibusque
766 4244 854 4311 iussu
874 4245 999 4324 uppem
