3140 5014
184 572 188 582 ·
272 530 554 606 Praevertamur
578 531 624 602 ad
652 539 734 602 eam
761 533 904 622 labem,
932 556 1043 626 quam
1070 533 1186 604 oratio
1205 536 1316 625 traxit

169 653 271 724 male
305 653 467 724 disiectis
499 668 563 723 aut
596 654 763 724 conflatis
783 653 980 735 litterulis.
1044 653 1121 722 Iam
1156 655 1221 723 ubi
1255 678 1314 726 res

170 775 347 844 binorum
373 787 614 844 ternorumve
642 776 908 846 vocabulorum
943 773 1083 871 egitur,
1117 773 1314 845 mediocris

171 894 214 962 lit
237 895 364 984 labor,
380 894 505 964 modo
533 896 614 988 quis
640 896 759 966 aciem
786 895 921 964 mentis
944 895 990 964 ad
1018 895 1151 964 cubilia
1169 915 1314 992 genna*

171 1037 243 1082 nae
275 1014 444 1086 lectionis
472 1015 652 1108 intendat,
680 1041 748 1088 nec
772 1016 951 1114 siglarum
974 1016 1210 1084 obliviscatur
1237 1017 1315 1084 vul-

171 1135 326 1232 garium.
386 1138 546 1209 Utamur
579 1138 763 1208 facillimis
805 1137 983 1230 excernplis
1016 1136 1136 1228 iisque
1175 1160 1195 1204 e
1230 1159 1315 1232 proP

171 1256 272 1326 ximo
300 1255 434 1349 penos.
487 1261 674 1354 Lampsa
701 1259 804 1328 nee
833 1264 893 1332 14.
967 1239 971 1256 '

252 1415 273 1478 ’.
320 1418 474 1482 divinatio
496 1418 607 1484 mentis
631 1421 894 1504 (commississe,
933 1437 1040 1484 rerum
1073 1418 1226 1482 memoria
1249 1420 1315 1482 sto

321 1537 460 1619 priam,
497 1557 596 1623 quom
629 1554 719 1604 nemo
753 1540 815 1605 nist
838 1539 982 1604 Acholius
1014 1538 1133 1622 [notor
1159 1538 1314 1602 adiutam.

171 1687 379 1758 Novissima
407 1687 558 1781 quidem
584 1661 696 1760 sensu
723 1713 820 1760 cassa
849 1661 955 1759 sunt:
990 1687 1027 1758 id
1053 1689 1153 1781 quod
1181 1691 1315 1759 Casan-

171 1811 313 1880 bonum
347 1811 474 1899 latuit,
508 1809 656 1880 incaute
692 1825 901 1880 tentantem
943 1809 1093 1881 scribat
1131 1811 1316 1901 adrutum,

169 1954 248 1999 non
287 1932 397 1999 latuit
432 1931 674 2021 salmasium,
717 1931 781 2023 qui
818 1930 1040 2024 scripturam
1080 1927 1239 1998 Palatini
1281 1928 1318 1999 e't

169 2049 273 2120 Med.
302 2051 461 2120 nesciret
484 2051 525 2120 in
552 2075 642 2120 usus
671 2065 887 2121 convertere
922 2051 1037 2132 hanc,
1070 2073 1185 2140 quam
1211 2075 1317 2120 nemo

171 2177 255 2244 nico
282 2175 328 2241 A.
343 2169 382 2265 s.
409 2195 445 2241 α.
498 2173 637 2242 Eadem
666 2173 780 2242 Aldus
809 2183 1034 2265 corruperat.
1096 2169 1168 2239 Sed
1201 2195 1316 2240 unam

169 2290 378 2359 litterulam
412 2277 451 2359 si
476 2315 693 2361 revocamus
729 2291 967 2388 praecedenti
1003 2313 1095 2361 voce
1133 2291 1317 2382 haustam,

169 2410 297 2504 prodit
333 2411 478 2480 sincera
514 2413 703 2506 scriptoris
746 2437 897 2502 rnanus,
941 2433 1055 2503 quum
1088 2414 1317 2481 mnemonico

168 2531 354 2602 Acholius
378 2531 541 2626 ferebat
577 2535 760 2604 adiutam.
830 2532 1039 2603 Clarissima
1079 2531 1150 2600 luit
1185 2545 1223 2600 et
1255 2555 1318 2602 ve-

165 2662 295 2722 terum
322 2668 398 2720 tam
428 2677 634 2746 usuquam
660 2655 871 2748 praeceptis
896 2653 1114 2749 pervulgata
1151 2651 1318 2723 doctrina

166 2775 396 2864 memoriae,
433 2795 546 2867 quarn
573 2767 811 2867 appellabant
835 2775 875 2840 τὸ
900 2775 1125 2862 unquentum:
1150 2797 1183 2841 v.
1211 2775 1317 2852 Illor-¹

166 2895 373 2994 gensternii
400 2875 692 2987 disputationem
722 2897 767 2965 de
794 2909 872 2966 arte
891 2911 1063 2966 veterum
1080 2896 1317 2965 mnemonica

165 3039 203 3110 p.
229 3015 321 3083 VIII.
346 3039 424 3107 sqq.

205 3158 208 3161 ·
267 3134 438 3206 Alterum
466 3136 737 3210 documentum
764 3154 928 3232 praestet
954 3137 1073 3235 Spart.
1102 3141 1197 3210 Geta
1225 3165 1256 3214 c.
1284 3141 1316 3209 5.

320 3295 448 3362 Vestitus
477 3298 569 3363 nitidi
594 3302 829 3382 cupidissimus,
854 3303 899 3368 itu
925 3310 960 3366 ut
981 3304 1071 3385 pout·
1095 3302 1216 3368 doleret.

164 3444 326 3519 Mirtum
357 3469 447 3520 tero
478 3449 593 3540 patris
628 3451 826 3538 acerbitas,
866 3453 932 3543 qui
962 3475 1081 3547 puero
1122 3454 1241 3524 cultus
1276 3470 1316 3532 et

165 3565 372 3638 munditiae
413 3567 577 3642 studioso
617 3569 831 3642 indoluerit.
898 3574 986 3642 Non
1029 3571 1125 3667 sugit
1160 3573 1314 3648 offensio

163 3688 383 3764 uerborum·
409 3687 675 3778 Salanosiurn,¹
703 3691 767 3782 qui
809 3689 856 3762 de
901 3689 1072 3770 remedio
1115 3690 1313 3788 desperans

165 3809 259 3884 haec
275 3825 279 3832 '
295 3807 509 3885 annotavit:
557 3808 715 3898 „vitium
757 3810 999 3882 manifestum
1041 3814 1165 3911 arguit
1204 3831 1311 3890 vetus

165 3929 348 4023 scriptura
381 3953 481 4024 quae
512 3928 647 4020 hebet,
685 3930 741 4000 ito
779 3945 822 4002 ut
836 3952 841 3961 ·
855 3932 969 4022 patri
989 3933 1106 4005 derat.
1145 3937 1246 4030 quod
1272 3953 1313 4010 et

165 4050 288 4145 prima
322 4049 437 4120 editio
468 4051 642 4122 retinuit:
679 4049 812 4118 vitium
844 4049 971 4143 video,
1009 4056 1311 4132 emendationem

164 4195 245 4246 non
267 4168 385 4264 item,
410 4193 524 4263 quam
547 4172 702 4244 fortasse
728 4168 792 4242 alii
811 4171 1087 4268 odorabantur,
1113 4176 1309 4274 sagacioris

165 4292 252 4388 nasi,
273 4291 339 4389 qui
365 4292 510 4366 erunt“
558 4291 733 4376 Proiecto
757 4293 903 4373 mireris
927 4294 970 4369 ia
1003 4295 1084 4392 ipsa
1116 4295 1204 4374 lnce
1221 4311 1308 4372 tan·
