3140 5014
796 328 842 410 li

248 512 482 605 frequentius
500 511 663 582 lectitata
680 526 776 584 sunt.
816 513 912 584 Nam
930 515 1064 607 quibus
1090 491 1298 590 materiam
1312 519 1394 590 infi-
1479 515 1487 521 ’

248 635 365 702 nisam
390 632 440 700 ibi
467 647 667 725 suppetere
693 633 926 724 monuimus,
952 637 1187 731 grammatici
1213 654 1251 708 et
1278 639 1395 709 critici

248 754 361 848 longe
395 750 582 820 minorem
617 753 661 820 iis
686 753 907 824 industriam
933 755 1209 848 impenderunt.
1254 761 1394 852 Quam·
1477 782 1483 789 ·

249 897 361 966 quam
385 873 637 970 grammaticis
657 897 734 942 non
760 874 864 945 deest
891 877 1094 965 excusatio,
1121 878 1328 968 quinarius
1355 893 1394 949 et

247 995 354 1064 inviti
386 995 532 1062 soleant
566 994 612 1063 nd
644 995 785 1063 litteras
822 994 1002 1064 citerioris
1041 995 1121 1064 aevi
1156 998 1393 1091 descendere,

246 1136 371 1206 neque
400 1115 561 1184 lectione
587 1115 768 1184 librorum
796 1115 1038 1207 oblectentur,
1065 1117 1168 1186 'unde
1187 1143 1318 1212 parum
1347 1122 1393 1191 ad

246 1237 479 1304 incrementa
511 1235 712 1304 lexicorum
754 1252 792 1306 et
825 1235 1136 1306 observationem
1158 1241 1245 1308 artis
1271 1240 1391 1309 videa—

248 1372 309 1425 tur
342 1355 561 1426 redundare.
603 1353 675 1423 se'd
704 1357 871 1448 utrique,
901 1361 1030 1458 spero,v
1056 1355 1283 1428 sententiam
1307 1383 1392 1432 mu·-

245 1473 396 1566 tabunt‚
434 1475 657 1568 simulatque
693 1479 815 1546 certus
851 1475 891 1546 ct¹
923 1479 1093 1570 copiosus
1120 1495 1317 1574 apparatus
1343 1479 1390 1551 ex
1451 1523 1456 1534 =

247 1597 398 1692 optimis
423 1595 593 1665 subsidiis
622 1597 812 1668 conlectus
840 1599 1027 1692 prodierit.

344 1733 501 1802 Interim
517 1750 558 1801 ut
571 1735 744 1804 orationis
756 1737 913 1804 Latmae
926 1737 1085 1804 formam
1099 1736 1202 1805 brevi
1214 1739 1392 1830 perstrin-

246 1878 396 1954 gamm,
420 1854 616 1922 historicos
634 1855 803 1948 plebeios
830 1877 915 1924 cum
933 1857 1044 1950 plebe
1063 1857 1207 1926 locutos
1228 1879 1307 1926 esse
1325 1881 1390 1927 ne-

245 2001 310 2046 mo
328 1999 404 2044 non
421 1974 607 2072 intelligit
637 1976 779 2076 Quodsi
796 1977 929 2046 nullo
919 2003 960 2046 ιιι
978 1999 1117 2075 genere
1135 1959 1251 2047 virtus
1270 1993 1306 2047 et
1319 1979 1391 2048 uti-

243 2099 326 2170 litas
345 2099 482 2166 horum
509 2095 729 2187 scriptorum
754 2114 997 2190 competeret,
1017 2098 1185 2192 profecto
1206 2099 1390 2190 quantivis

245 2218 356 2314 pretii
390 2214 552 2284 habendi
587 2216 710 2283 forent
737 2229 850 2284 testes
877 2217 1059 2286 sermonis
1087 2219 1246 2312 plebeii,
1284 2219 1388 2288 cuius

247 2357 333 2438 post
343 2335 550 2407 Vitruvium
568 2349 605 2402 ct
620 2336 858 2406 collectiones
869 2339 1089 2436 glossarum,
1111 2342 1261 2433 qualem
1277 2341 1389 2410 etiam

245 2461 413 2571 Placidus
440 2458 601 2528 instituit
627 2458 733 2526 abA.
751 2459 856 2527 Maio
879 2459 1067 2552 proditus,
1095 2485 1171 2529 non
1198 2475 1301 2529 extet
1327 2461 1391 2529 do-

246 2561 463 2652 tomentum
500 2577 649 2646 saeculo
676 2577 787 2645 tertio
817 2579 1014 2670 antiquius.
1044 2577 1234 2650 Plebeiam
1262 2593 1389 2650 autem

246 2701 499 2772 elocutionem
538 2718 716 2789 tanquam
759 2699 913 2769 illustris
948 2715 1036 2768 nota
1071 2700 1241 2771 sordidae
1278 2725 1388 2770 voces

244 2801 406 2920 arguunt
420 2833 667 2928 sumptaeque
684 2821 728 2885 ex
749 2821 892 2917 vulgari
918 2821 1201 2903 consuetudine,
1229 2845 1385 2913 quarum

243 2947 340 3014 bona
375 2965 459 3036 pars
494 2963 562 3050 per
597 2920 740 3034 linguas
779 2939 965 3008 Romanas
993 2942 1071 3010 sive
1104 2941 1386 3035 provincialium

245 3082 301 3136 est
334 3075 555 3158 propagatim
588 3081 659 3126 nec
694 3059 847 3153 vestigia
877 3044 1010 3130 coloris
1039 3064 1174 3132 cruditi
1200 3078 1264 3132 aut
1290 3064 1387 3132 bene

208 3203 220 3248 Δ
245 3185 392 3254 dicendi
407 3182 527 3250 studia
549 3191 765 3271 comparent
782 3180 869 3268 ulla,
897 3186 1114 3273 pracsertim
1138 3185 1290 3290 dempto
1307 3205 1388 3252 ver-

243 3309 376 3376 borum
406 3302 509 3371 omni
536 3301 656 3368 delect
643 3313 695 3388 ιιι,
722 3298 822 3368 unde
843 3303 965 3394 copias
990 3305 1273 3401 phraseologiae
1297 3327 1388 3398 pen-

240 3428 332 3495 dere
368 3435 521 3492 cunstat.
560 3420 713 3487 Accedit
744 3412 949 3535 largissima
976 3445 1080 3520 seges
1108 3427 1272 3517 syntaxis
1300 3441 1388 3494 ano

243 3548 384 3618 malae:
410 3543 515 3612 velut
542 3527 744 3610 structuras
772 3543 967 3611 accusativi
994 3567 1078 3612 cum
1107 3525 1273 3614 ablativis
1301 3569 1388 3615 con-

243 3671 343 3739 fusas
369 3683 507 3760 magno
533 3663 704 3731 locorum
733 3683 864 3729 acervo
891 3663 1038 3732 munire
1065 3664 1163 3734 licet.
1190 3647 1245 3735 Et
1263 3678 1387 3736 exem*-

163 3821 168 3829 ·
242 3790 333 3883 ple
348 3784 499 3900 quidem
545 3768 729 3852 sermonis
764 3783 959 3852 domestici
993 3807 1060 3878 per
1091 3767 1212 3854 totum
1252 3807 1388 3898 corpus

242 3905 429 3980 Historiae
461 3907 651 4001 Augustae
677 3906 758 3974 susa
783 3900 844 3973 vel
867 3927 951 3973 non
971 3913 1127 3998 operose
1152 3907 1387 3998 conquirenti

243 4042 392 4126 patent,
426 4025 458 4094 si
493 4025 575 4116 quis
609 4049 629 4095 a
663 4026 841 4098 Salmasio
867 4025 1032 4094 monitus
1058 4026 1223 4094 tabulam
1250 4029 1387 4124 glossa-

242 4164 328 4220 rutn
356 4164 394 4220 et
418 4139 669 4244 stribliginum
688 4135 904 4218 inchoarit:
938 4133 1006 4216 alia
1036 4133 1134 4216 haud
1168 4148 1280 4242 paulo
1308 4148 1387 4218 loe-

148 4344 152 4353 ,
244 4260 519 4342 diora'codices
554 4269 864 4366 suppeditabunt,
897 4255 966 4364 qui
999 4281 1144 4343 tentum
1189 4268 1386 4341 verborum
