3140 5014
166 569 405 663 adoptionem
432 569 538 659 facti,
574 589 666 664 quos
700 569 761 638 vel
789 567 904 660 quusi
933 567 1177 661 praemissum
1211 549 1306 641 filios

166 689 402 758 adumbratos
431 711 510 757 esse
539 703 576 756 et
600 687 639 755 in
673 689 754 756 iura
780 703 954 759 natorum
988 691 1118 759 ascitos
1150 686 1307 760 clamat?

167 811 283 878 Paulo
310 809 445 880 melior
473 813 524 882 Io.
554 811 761 878 Arntzeniz'
782 809 821 878 in
848 811 1067 881 Mamertini
1101 806 1237 908 Paneg.
1271 837 1307 906 p.

164 935 223 1000 ll.
251 931 466 999 coniectura
475 931 561 1022 filii
582 931 684 1018 iure,
712 931 824 1000 modo
850 935 991 1002 faveret
1017 931 1216 1002 verborum
1236 933 1308 1002 col*

77 1029 80 1039 ¹
166 1052 313 1120 locatio.
366 1053 443 1120 Nos
470 1075 555 1120 cum
586 1075 696 1121 voces
723 1051 886 1121 inlibris
912 1053 1007 1124 Hisr.
1043 1053 1309 1154 Aug3intelle-

165 1173 330 1241 xerimos
348 1173 553 1243 identidem
573 1173 774 1264 distractas,
792 1174 948 1271 vestigia
963 1173 1175 1244 litterarum
1197 1175 1308 1244 viriet

164 1293 207 1362 ad
236 1317 407 1362 normam
434 1295 635 1386 scripturae
662 1295 761 1389 apud
778 1295 981 1390 Vopiscum
1001 1297 1087 1366 Tac.
1106 1299 1159 1366 la.
1184 1319 1309 1367 emen-

165 1415 270 1483 datae
296 1403 348 1484 sic
370 1415 679 1510 interpretamur,
716 1431 756 1484 ut
785 1415 966 1485 efficiatur
992 1418 1143 1493 vt'rtute.
1199 1417 1309 1487 Nunc

138 1517 320 1604 ¹demum
347 1535 459 1604 verba
494 1537 594 1604 hunc
628 1537 666 1604 in
695 1535 850 1604 modum
887 1535 1159 1628 concinnanda,
1196 1541 1312 1631 quasi

166 1661 320 1751 quidam
351 1657 687 1750 prinezpurnfllii,
721 1659 861 1726 virtute
899 1659 1094 1748 designmi
1130 1676 1310 1746 aupustae

165 1782 375 1850 maiestatis
403 1778 576 1868 heredes,
604 1791 706 1846 recte
733 1779 999 1870 pronunciant,
1024 1777 1124 1872 quod
1153 1780 1309 1850 minime

164 1901 285 1994 premi
311 1901 459 1986 debuit,
492 1885 666 1968 Caesares
693 1923 770 1967 non
804 1923 883 1968 esse
913 1913 1037 1990 natos,
1071 1899 1138 1970 se'd
1161 1899 1309 1971 ¹electos

166 2037 203 2091 et
231 2017 631 2114 constitutos'propter
660 2019 835 2088 eximiam
863 2020 1013 2090 laudem
1050 2035 1087 2088 et
1119 2045 1177 2090 res
1204 2046 1308 2117 prae⁴

165 2144 261 2212 clare
286 2157 418 2241 gestas.

238 2267 316 2332 Iam
331 2265 426 2333 Aelii
440 2265 528 2332 Veri
541 2287 681 2332 nomen
698 2263 785 2332 facit
804 2279 845 2332 ut
861 2265 900 2334 in
919 2262 1137 2334 memoriam
1155 2267 1313 2358 Vopisci

164 2387 379 2458 redeamus:
408 2377 516 2455 cuius'
538 2385 700 2452 narratio
727 2385 1024 2454 luculentissima
1046 2405 1133 2453 cum
1151 2385 1309 2478 explica-

162 2511 327 2599 tionem,
355 2531 431 2575 non
461 2504 745 2574 emendatorum
774 2521 869 2575 artes
893 2503 1097 2595 desideret,
1120 2507 1309 2598 patiemur

165 2655 247 2700 eam
286 2645 390 2728 grato
434 2627 596 2718 quodam
636 2641 936 2720 temperamento
982 2625 1071 2696 cum'
1113 2623 1308 2722 Spartiano

164 2751 350 2848 coniungi.
402 2749 567 2816 Servavit
599 2763 723 2816 autem
741 2749 923 2840 Vopiscus
958 2749 999 2818 in
1024 2735 1107 2818 vita
1121 2747 1311 2817 Saturnini
1361 2809 1365 2814 .

164 2899 193 2948 c.
221 2873 255 2944 8.
286 2871 479 2964 epistolam
510 2861 828 2938 observationibus
857 2865 1018 2966 egregiis
1037 2869 1210 2963 plenam,
1239 2889 1311 2958 qua

163 2993 370 3064 Hadrianus
397 2991 631 3087 ingeniosam
657 2985 928 3059 Alexandrinae
966 2991 1089 3088 gentis
1105 2987 1310 3058 'levitatem

163 3115 338 3188 describit
365 3125 402 3180 et
428 3112 619 3203 exquisitis
647 3109 784 3179 salibus
812 3085 975 3212 castigat.
1035 3087 1311 3182 Misera't'eom

163 3240 208 3309 ad
234 3235 453 3306 Servianum
482 3232 705 3321 Consulem,
733 3233 798 3324 qui
823 3255 994 3301 sororem
1019 3231 1198 3326 principis
1211 3229 1310 3299 'Pau-

163 3361 277 3429 linem
304 3359 343 3425 in
370 3349 607 3424 matrimonio
637 3355 808 3433 habebat.
861 3351 1018 3422 illarum
1057 3353 1209 3446 quidem
1247 3353 1307 3422 lit-

161 3495 325 3549 terarum
368 3499 446 3543 non
491 3487 588 3543 esset
632 3497 698 3543 cur
736 3497 802 3568 per
841 3473 937 3542 hanc
984 3475 1305 3570 opportunitatem

161 3596 463 3686 recordaremur,
507 3595 577 3664 nisi
615 3595 682 3663 sub
722 3597 837 3664 finem
878 3593 989 3662 verba
1032 3595 1304 3664 intervenirent

161 3725 280 3816 prima
302 3719 425 3813 specie
453 3717 608 3786 minime
628 3731 798 3809 suspecta
822 3719 960 3810 (neque
978 3713 1181 3783 editoribus
1201 3715 1304 3821 quic7

162 3864 271 3942 quam
300 3836 503 3934 suboluit):
545 3833 557 3846 ‘
1295 3824 1298 3841 '

309 3967 436 4050 denique
468 3974 502 4030 ut
533 3966 673 4048 primum
699 3963 771 4027 inde
796 3963 936 4038 discessi,
961 3971 989 4028 et
1019 3963 1053 4027 in
1078 3963 1175 4046 filium
1200 3981 1303 4030 utetur

310 4085 423 4153 Verum
454 4083 554 4154 inulto
584 4065 733 4152 diluerunt
765 4083 854 4149 etde
887 4079 1022 4149 Antinoo
1050 4103 1129 4168 qliae
1155 4085 1302 4152 distentat

308 4211 488 4292 comperisse
513 4217 540 4275 te
561 4211 660 4275 credo.

158 4333 296 4404 Filium
325 4323 468 4400 Verum
485 4325 724 4423 intelligunt,
751 4326 901 4422 opinor,
919 4323 1069 4396 Verum·
1083 4323 1300 4418 Caesarem
