3140 5014
797 349 846 430 tt

249 537 391 606 Frivola
427 535 577 628 quidem
604 558 662 602 res
690 547 727 602 et
752 535 848 604 iufra
883 535 1059 606 historiae
1082 511 1301 634 dignitatem
1328 559 1394 629 po-

249 663 333 749 sita,
371 641 435 726 sed
470 657 514 726 ad
549 657 635 725 artis
666 679 775 724 usum
805 681 880 726 non
914 657 1143 749 spernenda,
1179 657 1318 749 siquis
1346 657 1392 725 ab

232 779 436 850 erroribus
473 777 687 846 criticorum
721 778 901 870 proficere
936 779 1036 846 sciat.
1088 777 1254 848 Primum
1292 779 1391 848 enim

249 903 480 1002 geminatum
508 922 592 967 cum
619 897 776 966 debetur
804 901 1011 987 Salmasio,
1052 901 1117 991 qui
1143 901 1393 970 summatibus

189 1015 193 1023 ¹
249 1027 288 1094 in
315 1023 481 1092 Palatino
508 1021 602 1088 libro
629 1017 905 1113 deprehensum
935 1022 1042 1112 (haec
1069 1036 1195 1090 autem
1219 1035 1393 1090 constans

251 1161 307 1215 est
332 1143 435 1213 MSS.
463 1142 603 1230 lectio),
631 1140 766 1209 reiecta
795 1155 883 1217 vett.
910 1143 990 1211 edd.
1015 1141 1304 1236 interpolatione
1331 1165 1393 1210 su-

250 1267 451 1353 mentibus,
486 1263 525 1330 in
552 1262 735 1330 noviciam
770 1263 990 1357 scripturam
1027 1287 1139 1356 quum
1163 1285 1247 1332 cum
1272 1265 1395 1355 pluri-

250 1391 321 1459 mis
354 1385 603 1456 summatibus
636 1370 811 1474 pasceret
846 1387 1048 1476 convertit,
1086 1385 1207 1455 sicut
1233 1409 1395 1476 pascere

250 1511 419 1604 absolute
447 1508 586 1574 dictum
613 1505 812 1574 haberetur
830 1531 896 1600 pro
916 1532 960 1576 eo
987 1507 1086 1598 quod
1106 1521 1162 1575 est
1182 1507 1394 1576 convivium

251 1631 443 1702 exhibere:
470 1651 606 1720 nempe
634 1626 807 1695 solennes
834 1628 961 1720 epulas
989 1628 1034 1696 ab
1061 1629 1395 1722 Imperatorem-

249 1750 461 1850 gistratibus
491 1749 698 1840 ceterisque
717 1749 933 1840 proceribus
961 1749 1075 1818 fuisse
1092 1764 1295 1843 apparatas.
1347 1749 1397 1817 At

249 1889 291 1944 ut
319 1891 469 1969 pascere
497 1871 666 1962 proxime
683 1871 787 1938 abest
814 1872 858 1938 ab
883 1871 1153 1967 significatione
1178 1872 1282 1939 verbi
1308 1893 1396 1939 con-

200 2081 206 2087 ·
249 1994 375 2083 auvari,
402 1993 451 2060 ita
478 2013 562 2058 cum
586 1992 765 2082 plurimis
786 2015 947 2082 pascere
969 2015 1120 2086 prorsus
1150 2007 1205 2062 est
1228 1989 1395 2061 inaudita

250 2129 455 2202 structura,
492 2137 603 2205 quam
639 2111 857 2202 SalmasiuS,
897 2115 927 2181 si
961 2130 1106 2206 posset,
1147 2115 1248 2210 larga
1280 2119 1396 2182 manu

252 2237 517 2309 confirmasset.
551 2235 786 2326 Quamquam
804 2235 876 2302 hoc
893 2235 1043 2304 levioris
1060 2233 1173 2303 suerit
1190 2236 1395 2323 momenti3

252 2355 449 2428 consilium
477 2369 603 2424 etitem
633 2367 671 2422 et
704 2355 888 2424 rationem
917 2357 995 2425 eius
1020 2357 1183 2448 inventi,
1220 2379 1294 2448 quo
1321 2357 1397 2426 Ha·

251 2476 420 2566 arianus,
448 2491 650 2544 summates
681 2476 769 2544 dum
799 2463 1084 2572 epulis'excipit
1110 2492 1148 2546 et
1180 2479 1321 2547 fercula
1348 2477 1395 2547 de

249 2598 388 2669 mensis
414 2599 525 2666 etiam
554 2597 694 2664 ultimis
724 2598 933 2689 quibusque
961 2598 1006 2666 ad
1036 2621 1075 2666 se
1111 2597 1247 2668 deferri
1279 2599 1396 2692 iubet,

249 2719 397 2790 fraudes
433 2720 698 2789 obsonatorum
736 2720 1043 2814 deprehenderit,
1081 2745 1126 2790 ox
1159 2722 1238 2790 istis
1272 2719 1395 2792 verbis

250 2841 457 2912 nemodum
488 2840 672 2937 cognovit.
724 2839 911 2908 Nimirum
929 2841 1089 2934 fercula
1113 2845 1158 2911 de
1180 2845 1270 2912 aliis
1297 2867 1396 2912 men-

252 2967 310 3034 sis
335 2976 579 3056 opponuntur
604 2960 739 3029 tabulis
766 2961 967 3054 primariis,
1003 2987 1093 3055 quas
1119 2987 1196 3034 non
1220 2965 1396 3062 ambigue

252 3086 426 3155 volumus
452 3081 614 3150 indicari.
667 3082 763 3176 Ergo
795 3082 934 3151 viderat
967 3085 1105 3176 aliquid
1135 3085 1395 3178 Omnibonus,

252 3205 446 3275 artificium
474 3202 640 3295 principe
667 3225 745 3285 uon
777 3203 972 3300 indignum
1000 3206 1227 3298 suspicatus,
1256 3209 1320 3302 qui
1346 3211 1398 3278 ci-

251 3328 318 3398 bos
345 3327 390 3394 ab
417 3323 654 3416 imperatoria
687 3348 816 3392 mensa
850 3327 1056 3419 plurimum
1082 3343 1247 3400 remotos
1283 3345 1395 3403 suum

251 3451 290 3520 in
317 3462 558 3541 conspectum
585 3445 844 3538 protraxisset5
878 3447 943 3517 sed
971 3449 1135 3518 criticam
1161 3451 1396 3547 improspere

252 3571 440 3660 tractavit,
481 3567 659 3660 deceptus
697 3579 738 3633 ut
773 3567 869 3636 solet
902 3570 1123 3670 interpolata
1159 3571 1268 3670 uegit
1310 3573 1397 3644 libri

252 3691 442 3785 scriptura.
496 3689 591 3757 Nam
630 3685 730 3778 quod
766 3687 931 3786 relingit,
970 3713 1054 3760 cum
1087 3694 1275 3784 plurimos
1314 3699 1397 3767 suis

252 3809 467 3902 sumptibus
490 3824 683 3900 posceret,
717 3831 829 3878 nemo
868 3811 964 3880 ferat
996 3815 1076 3884 suis
1103 3819 1315 3902 sumptibus
1340 3821 1397 3889 in-

254 3934 336 4006 utili
370 3930 594 4026 profluentia
627 3932 828 4002 verborum
863 3932 1113 4007 interiectum.
1162 3931 1299 4039 Longe
1321 3943 1397 4012 for-

252 4059 390 4128 tiorem
423 4051 609 4122 medelam
635 4055 810 4126 Reislu‘us
845 4056 885 4125 in
919 4059 1155 4128 Constantini
1189 4061 1324 4134 Cerim.
1359 4091 1397 4161 p.

255 4181 337 4250 lbll.
363 4175 548 4267 admovit,
574 4175 639 4244 ubi
667 4176 712 4244 de
739 4175 924 4275 ἀποκοπῇ
948 4179 1054 4249 aulae
1073 4179 1299 4275 Byzantinae
1324 4185 1397 4255 dis-

254 4313 394 4370 sertans
421 4299 518 4370 hanc
544 4297 641 4400 ‘lusit
674 4298 947 4394 coniecturam,
982 4301 1036 4372 ud
1069 4305 1398 4398 deprebendendas
