3140 5014
177 589 251 658 Ista
278 593 366 659 ver'o
394 587 596 659 contendas
631 611 717 657 curn
752 589 933 682 scriptura
958 589 1133 659 Palatini.
1152 601 1192 659 'et
1224 591 1324 660 Vati-

181 733 378 802 canorum,
403 733 514 803 quam
541 715 688 806 magna
703 734 749 777 ex
773 725 878 804 parte
905 710 1007 779 Med.
1037 710 1230 801 exhibuit,
1255 713 1323 808 laos

180 834 327 902 eosdem
352 833 511 901 consilio
537 847 649 923 utque
683 832 764 900 t'u'ri
788 846 829 899 ut
854 856 896 900 eo
933 833 1192 922 comperisset.
1246 833 1325 901 Hu-

179 953 236 1021 ius
263 955 331 1022 sub
354 953 623 1049 integumentis
650 951 741 1044 quid
770 951 860 1020 boni
888 951 1022 1020 lateret
1039 975 1078 1020 se
1100 975 1177 1021 non
1198 953 1325 1022 videre

181 1072 383 1144 Salmasius
408 1073 786 1168 aperte'conlitetur,·
824 1093 937 1164 quem
971 1071 1010 1140 in
1045 1096 1153 1142 causa
1188 1074 1324 1144 fraudis

181 1193 388 1291 indaganda
414 1217 548 1289 parurn
572 1194 784 1290 igenios'um
810 1193 926 1260 fuisse
951 1191 1125 1282 mirarer,
1159 1195 1239 1263 nisi
1257 1197 1324 1264 sub

181 1316 305 1408 operis
328 1317 445 1386 finem
474 1339 562 1384 eum
588 1315 686 1382 vires
714 1313 906 1382 remisisse?
936 1313 1019 1406 plus
1057 1316 1175 1384 semel
1207 1317 1326 1410 suspi-

183 1458 364 1506 caremur.
410 1437 495 1504 'Iam
527 1435 693 1528 primurn
732 1433 919 1532 coniunge
955 1435 1113 1526 syllabas
1147 1437 1326 1529 dispersas

180 1559 343 1644 vr'rtutc‚·
372 1558 508 1650 quibus
534 1556 683 1649 dilapsis
712 1575 796 1626 cum
836 1556 1028 1647 reliquum
1064 1569 1161 1625 esset
1186 1558 1326 1629 lactum

182 1693 242 1770 ut,
268 1677 407 1754 librarii
433 1677 709 1748 subiunctivum
736 1679 851 1745 istum
879 1679 1123 1767 comperisset
1146 1678 1326 1749 invehere

62 1809 66 1815 '
180 1815 397 1893 potuerunt.
449 1801 566 1870 Porro
594 1822 679 1867 cum
716 1797 960 1868 indicativum
993 1813 1190 1867 teneamus
1231 1823 1328 1869 com·

116 1939 119 1946 ’
180 1923 343 2011 pressit,
383 1943 448 1988 sua
475 1935 608 2013 sponte
634 1919 758 1996 nativa
795 1919 906 1986 lectio
945 1918 1104 2016 emergit
1143 1935 1179 1988 et
1217 1921 1329 1990 libro-

181 2063 267 2111 rum
292 2039 456 2136 vestigiis
484 2053 783 2111 consentanea:-

331 2202 387 2314 tros
412 2189 534 2266 eosden'r
559 2189 685 2264 consilio
710 2207 802 2282 atque
826 2198 941 2263 virtute
964 2203 1151 2282 conpressu.

181 2347 303 2417 Huius
330 2307 592 2420 emendatione
617 2374 689 2462 ope
711 2311 839 2417 licebit
866 2350 976 2419 etiarn
1000 2351 1133 2421 vitium
1159 2351 1199 2421 in
1225 2353 1329 2448 Spar

181 2469 274 2538 tiani
301 2468 407 2539 Aelio
436 2471 535 2540 Vero
564 2493 591 2538 c
621 2473 654 2538 2.
692 2468 751 2537 ad
769 2488 895 2536 sanam
929 2471 1112 2541 rationem
1142 2495 1329 2551 revocare

219 2576 246 2672 ‚⁴
282 2592 423 2659 Verum
461 2592 549 2678 alias
585 2553 773 2684 inceptam
808 2613 1080 2683 persequemur
1112 2593 1330 2690 disputatio·

181 2733 283 2778 nem.
346 2711 458 2778 Nunc
484 2707 575 2777 dum
607 2709 730 2800 hunc,
761 2733 874 2801 quem
906 2711 1008 2779 vobis
1044 2715 1329 2786 Commilitones

181 2829 444 2904 humanissimi
484 2830 685 2922 tradimus,
722 2827 900 2899 indicem
923 2846 960 2900 et
985 2831 1199 2904 scholarum
1226 2837 1331 2928 quasi

182 2965 348 3045 saturam
387 2931 534 3038 lancem
562 2950 686 3020 animo
734 2952 1052 3044 contemplamur,
1092 2979 1205 3048 quam
1239 2958 1330 3028 olim

180 3070 315 3140 festive
360 3054 518 3140 coenam
569 3069 720 3139 dubiam
775 3072 1077 3166 appellaverunt,
1122 3091 1330 3169 suspectam

178 3189 285 3260 illarn
314 3207 352 3261 et
377 3192 613 3281 nocituram,
640 3191 711 3260 nisi
738 3215 802 3260 vos
832 3208 939 3262 cauto
979 3194 1116 3264 iudicio
1141 3196 1331 3290 ‚praesidia

183 3309 446 3383 doctrinarum
475 3313 516 3380 in
538 3311 680 3379 fructus
705 3311 914 3381 studiorum
951 3327 1168 3402 convertere
1193 3319 1331 3390 sciatis:

180 3430 381 3502 commode
408 3433 505 3502 libet
541 3431 581 3498 in
608 3431 849 3499 Menandreis
885 3431 1054 3503 desinere
1078 3435 1121 3504 fr.
1147 3438 1219 3507 inc.
1247 3439 1330 3510 474.

330 3585 428 3656 Πολι)
457 3571 610 3675 upsircdr
634 3579 729 3652 doctr
753 3585 791 3653 ἓν
816 3586 926 3665 καλῶς
946 3592 1184 3680 μεμαθηκέναι

331 3700 494 3794 lualid
519 3707 657 3794 podius
682 3707 957 3796 περιβεβλῆσθαι
983 3693 1180 3814 πράγματιιι.

182 3859 329 3954 Quibus
358 3885 457 3955 quae
479 3861 637 3938 subiecit
663 3839 784 3936 editor
804 3864 954 3961 egregie
980 3866 1151 3938 cordatus
1176 3868 1333 3962 monito,

170 3995 322 4074 ‘operae
369 3983 536 4076 pretium
579 3995 636 4054 est
664 3983 931 4080 descripsisse.
990 3989 1058 4080 ,0
1100 3997 1334 4084 praeclarum

182 4096 343 4194 (inquit)
327 4099 408 4191 )et
429 4125 518 4174 vere
544 4125 702 4174 aureum
729 4105 891 4200 dictum,
928 4108 1030 4204 quod
1059 4109 1205 4180 utinam
1230 4131 1334 4179 sum-

182 4218 238 4289 mi
271 4241 401 4290 rerum
440 4236 653 4294 nostrarum
686 4226 994 4302 scholasticarum
1032 4229 1215 4298 antistites
1251 4244 1333 4302 toto

139 4321 341 4434 pectore
376 4339 610 4418 imbiberent
641 4357 689 4416 et
714 4347 861 4421 scholis
899 4347 1046 4422 nostris·
1076 4355 1231 4422 strenue
1276 4363 1334 4423 se
