3140 5014
353 547 396 614 Iu
422 545 519 613 hano
545 546 796 640 curruptionis
833 541 997 638 speciem
1034 540 1172 634 siquis
1199 547 1412 639 intueaturf

252 682 417 762 paratam
458 666 610 736 habebit
650 668 767 758 viam,
812 689 882 760 qua
925 676 1133 732 monstrum
1178 657 1399 761 depravatae

249 789 422 858 lectionis
459 807 504 855 ex
534 788 742 880 Capitolini
772 789 904 856 Marco
944 787 987 876 (c.
1028 789 1082 854 13.
1139 785 1174 852 T
1171 789 1242 856 uno
1278 801 1402 860 autem

250 911 440 982 Antonini
457 911 556 997 lagos
576 884 783 999 sepeliendi
798 911 1132 1000 sepulcrorumque
1159 912 1401 1001 asperrimos

253 1045 482 1103 sanxerunt:
517 1033 819 1122 quondoquidem
853 1043 1070 1118 oratiorum,¹
1094 1051 1147 1096 ne
1188 1033 1265 1100 ut'i
1294 1017 1403 1122 ouis

159 1165 161 1170 '
250 1151 711 1246 vellotsobrz'carot
736 1151 1032 1242 sepulcrum)
1056 1165 1295 1243 procuretur:
1316 1173 1403 1221 nam

254 1253 485 1345 Dirlssonius
513 1266 656 1341 ¹irustra
695 1274 817 1367 copias
852 1270 1176 1366 iurisprudentum
1202 1274 1403 1366 exquisitas
1482 1305 1487 1312 ’

253 1395 542 1493 insumpsit‚·ut
571 1393 761 1488 vulgatum
790 1411 827 1463 et
851 1417 963 1463 sensu
991 1393 1172 1462 absonum
1204 1409 1241 1464 et
1275 1417 1322 1463 ex
1347 1394 1405 1462 iu-

253 1517 372 1584 fausta
400 1513 536 1583 codicis
562 1515 671 1612 Regii
698 1517 833 1585 fabrica
871 1527 1120 1610 propagatum
1157 1537 1315 1608 operose
1343 1513 1406 1583 de·

185 1703 189 1709 ,
254 1638 435 1706 laudaret.
490 1636 631 1704 Verum
662 1637 781 1704 moles
820 1635 1049 1726 quaestionis
1079 1635 1258 1727 opinione
1284 1637 1405 1705 maior
1481 1613 1488 1620 ⁶

256 1773 312 1825 est
336 1757 540 1848 multisque
568 1757 732 1850 partibus
762 1756 854 1824 adeo
883 1756 1082 1849 impedita,
1120 1771 1163 1824 ut
1190 1756 1221 1824 si
1249 1757 1331 1848 quis
1358 1757 1406 1826 ad

256 1873 396 1946 exitum
425 1879 621 1969 pervenire
649 1879 758 1966 velit,
790 1877 942 1973 longius
972 1891 1009 1945 et
1038 1877 1080 1944 in
1106 1877 1185 1945 iura
1214 1879 1406 1970 sepulcro-

255 2021 340 2067 rum
368 2014 405 2067 et
432 1998 472 2066 in
501 1998 691 2067 historiam
719 1998 833 2092 pestis
860 1998 1093 2066 Antonianae
1132 1981 1181 2066 ei
1200 1997 1248 2064 sit
1273 2021 1405 2068 excur-

255 2119 437 2208 rendum3
460 2115 539 2212 'quo
567 2120 685 2216 magis
713 2111 890 2186 veremur
913 2139 962 2186 ne
989 2109 1193 2187 leotoribus
1216 2141 1262 2187 ex
1280 2121 1404 2190 amba-

255 2237 364 2337 gibus
389 2241 548 2332 pusillae
575 2239 834 2333 disputationis
863 2253 900 2307 et
926 2237 966 2308 in
993 2239 1130 2308 variam
1154 2240 1404 2310 eruditionem

256 2363 360 2430 fusae
389 2359 555 2430 taedium
589 2355 789 2430 oboriatur.
842 2355 973 2452 Itaque
1006 2370 1169 2453 praestat
1206 2351 1265 2433 liis
1298 2383 1406 2430 ener-

257 2482 492 2552 citationibus
509 2482 555 2552 de
571 2481 820 2576 Scriptoribus
838 2481 1031 2550 Historiae«
1041 2475 1230 2578 Augustae
1252 2473 1405 2552 interim

255 2601 374 2674 linem'
397 2602 553 2698 imponi.
605 2601 748 2694 Quodsi
776 2601 866 2694 quid
893 2616 1054 2694 utroque
1086 2585 1291 2696 specimine
1318 2625 1405 2672 con—

256 2721 408 2815 tinetur,
436 2719 537 2816 qnod
562 2737 600 2790 et
625 2723 671 2791 ad
694 2715 889 2792 materiam
917 2723 1186 2820 degustandam
1215 2737 1252 2792 et
1277 2723 1323 2793 ad
1347 2723 1406 2794 in·

256 2845 365 2944 genia
394 2845 615 2914 discentium
643 2845 808 2914 acuenda
837 2845 1080 2934 valeat‚'satis
1107 2845 1257 2914 muneri
1282 2867 1407 2916 susce-

246 2972 324 3061 'pto'
349 2961 580 3038 consuluisse
600 2965 818 3034 videbimur.
857 2967 1004 3035 Etenim
1026 2957 1198 3036 instituto
1216 2965 1402 3036 maiorum

256 3089 470 3181 provisum,
506 3101 548 3154 ut
572 3086 714 3178 indices
740 3087 948 3158 scholarum
986 3083 1281 3156 academica-runt
1315 3109 1406 3180 qua-

258 3209 341 3277 dam
371 3211 564 3277 literarum
592 3206 805 3276 accessione
831 3201 1284 3278 commendarentur-ea
1303 3228 1405 3278 com-

257 3329 434 3401 munibus
469 3328 696 3420 antiquitatis
729 3327 858 3396 studiis
894 3328 1027 3421 petita:
1063 3321 1157 3421 quae
1186 3350 1273 3399 cum
1300 3323 1403 3402 iuve-

257 3452 374 3520 nilem
403 3463 564 3523 aetatem
591 3441 755 3519 alant'et
781 3448 903 3517 aditus
934 3449 980 3518 ad
1005 3451 1220 3548 gravissima
1245 3451 1405 3545 discipli-

258 3593 391 3641 narum
416 3574 555 3668 genera
580 3583 724 3664 parent,
751 3585 833 3638 tum
858 3561 1006 3640 ¹animos
1029 3563 1406 3646 suaviteroblectaur.

258 3683 398 3762 et'otia
435 3693 594 3762 honesta
627 3691 773 3761 liberali
807 3692 1069 3783 quaestionum
1103 3685 1403 3789 temperamento

256 3801 440 3887 reficiunt.
490 3813 667 3907 Superest
691 3829 734 3884 ut
768 3835 854 3904 vos,
892 3814 1177 3889 Commilitones
1207 3807 1406 3942 {pomariis-

256 3921 353 4029 sind,
379 3949 437 4006 tot
462 3935 652 4029 tantisque
677 3925 888 4008 studiorum
913 3937 1150 4032 publicorum
1176 3959 1217 4006 ac
1240 3939 1404 4034 privato·

255 4076 341 4130 rum
366 4055 542 4128 subsidiis
566 4059 763 4129 salubriter
786 4049 955 4130 utamini.
1066 4047 1078 4100 f

357 4193 429 4265 Ser.
453 4217 501 4264 m.
528 4189 726 4264 Februario
752 4195 795 4262 Α.
825 4193 929 4292 idib.
1029 4288 1033 4298 .

655 4391 1001 4412 ffl-
